3550 5875
321 575 362 631 20
500 552 547 626 M
546 551 678 652 capistri
707 552 863 628 Vocarii
888 553 1046 629 Sarsura
1072 555 1116 629 de
1144 552 1397 629 Matrimonia.

322 794 445 860 sponsa
466 772 538 851 fuit,
560 774 675 838 eadem
697 774 813 860 procul
836 775 939 840 dubio
966 781 1000 840 et
1023 796 1127 839 uxor:
1162 796 1238 839 cum
1260 773 1398 839 indubie
1425 771 1573 857 angelico

323 871 458 938 rnonitu·
483 872 689 958 sponsalium
720 873 801 937 fides
831 879 866 938 et
888 875 1061 959 promissio
1091 873 1230 960 impleta
1258 873 1361 938 fuerit
1389 871 1478 935 inter
1508 891 1576 947 eos,

322 971 438 1036 eadam
453 993 529 1058 ergo
545 974 674 1038 ratione
690 979 724 1037 et
739 973 987 1038 matrimonium
1004 981 1154 1040 secutum
1172 981 1231 1051 est,
1247 980 1282 1038 et
1303 971 1363 1037 illa
1382 993 1468 1037 uxor
1485 971 1581 1058 facta*

322 1071 491 1154 probatur.
537 1070 622 1136 Cum
644 1072 733 1137 euim
756 1072 794 1136 in
815 1074 1023 1159 sponsalibus
1046 1074 1219 1160 promissio
1241 1072 1348 1137 futuri
1369 1068 1574 1135 matrimonii

322 1174 390 1245 liat,
406 1171 472 1236 uisi
497 1171 749 1236 matrimonium
775 1183 941 1258 sequatur,
962 1180 1000 1238 ut
1022 1173 1221 1259 promissum
1243 1179 1302 1246 est,
1321 1193 1381 1236 uec
1400 1170 1574 1255 promissio

323 1269 452 1355 inpleta
473 1271 610 1336 dicetur.
656 1272 713 1336 sed
736 1274 844 1337 omnis
865 1273 953 1337 inter
967 1296 1021 1338 eos
1040 1273 1241 1338 iustissimos
1261 1272 1342 1336 fides
1358 1272 1486 1355 inpleta
1500 1271 1574 1335 fuit

324 1370 400 1449 Qua
421 1392 498 1456 ergo
523 1371 652 1436 ratione
676 1371 838 1455 promissa
863 1373 917 1437 uel
943 1395 1063 1457 sponsa
1088 1374 1124 1435 in
1150 1371 1359 1456 sponsalibus
1385 1370 1477 1456 prius
1500 1369 1574 1446 fuit,

323 1471 438 1535 eadem
447 1470 772 1537 rationainuxorem
784 1479 938 1557 suscepta
948 1479 999 1538 est
1010 1480 1133 1559 post-aa
1144 1479 1178 1537 et
1190 1493 1275 1536 uxor
1286 1469 1383 1547 fecta,
1393 1469 1574 1535 secundum

324 1571 551 1656 Augustinum
562 1570 584 1650 ¹,
607 1594 665 1634 corr
694 1594 783 1634 rarae
810 1573 864 1634 aed
886 1579 987 1635 merere.
1044 1571 1115 1637 Nec
1145 1578 1258 1635 tamen
1287 1577 1403 1636 contra
1431 1569 1495 1634 hoc
1524 1568 1574 1631 illi

324 1676 508 1745 senserunt,
524 1670 684 1735 sedidem
700 1671 824 1756 pocius,
840 1672 948 1748 idest,
965 1673 1052 1758 quod
1069 1693 1154 1736 uxor
1168 1692 1236 1736 non
1250 1668 1315 1734 luit
1330 1691 1435 1735 carne.
1479 1667 1575 1732 Vnde

324 1768 483 1855 Origenes
493 1769 525 1833 ²:
540 1769 578 1833 In
593 1763 781 1855 repercutitur
794 1772 995 1835 demonstrabo
1006 1773 1147 1855 quadrare
1163 1771 1221 1833 iata
1234 1777 1285 1832 tua
1298 1772 1406 1832 coniers
1417 1769 1575 1831 recondam

323 1870 562 1932 rouacetudinem
582 1871 712 1951 aaziapii
732 1870 884 1951 latratur,
900 1870 935 1935 id
956 1878 1014 1937 est.
1030 1870 1212 1935 secundum
1232 1869 1340 1934 carnis
1360 1867 1575 1954 propositum,

323 1969 384 2033 aad
402 1971 584 2034 secundnm
607 1970 679 2050 beris
701 1971 842 2034 traditura
868 1972 912 2035 ad
936 1971 1121 2037 custodiam
1145 1977 1180 2034 et
1202 1976 1291 2034 caste
1317 1966 1575 2032 cohabitationis

324 2069 423 2133 fidam
462 2069 674 2155 paltinencia.
734 2068 798 2134 si⁸
833 2077 945 2135 autem
980 2071 1094 2156 aliqua
1122 2070 1158 2132 in
1185 2067 1384 2154 supradictis
1411 2066 1575 2131 discordia

325 2190 395 2235 essa
418 2168 557 2248 dicatur,
580 2170 669 2255 quod
694 2169 892 2255 diligencius
916 2171 1061 2235 intuenti
1085 2170 1196 2234 uerius
1219 2167 1404 2254 apparebit,
1426 2166 1469 2231 ad
1491 2165 1577 2230 illud

326 2268 462 2333 Ysidori
487 2269 670 2333 remedium
694 2271 929 2334 recurrendum
951 2277 1001 2335 est
1023 2276 1062 2335 ut
1084 2269 1143 2333 illa
1168 2291 1209 2333 ex
1233 2267 1482 2332 dissonantibus
1504 2287 1575 2328 sen·

325 2368 441 2433 tenciis
455 2367 641 2454 preferatur
655 2370 750 2433 cuius
765 2368 936 2454 antiquior
950 2375 984 2433 et
999 2370 1111 2455 pocior
1122 2374 1217 2433 extat
1227 2365 1418 2431 auctoritas.
1464 2364 1497 2454 [t
1510 2359 1574 2451 16.]

324 2467 557 2533 Ecclesiastico
579 2489 722 2553 namque
745 2468 819 2532 iura
840 2468 991 2534 dissonas
1014 2468 1181 2554 recipiunt
1202 2466 1387 2531 sentencias
1410 2470 1444 2529 et
1467 2465 1576 2528 uarias

324 2566 456 2644 formas,
478 2567 672 2653 plerumque
701 2568 847 2647 inutiles,
864 2568 945 2655 quia
973 2589 1041 2632 non
1066 2568 1293 2643 obseruantur,
1315 2570 1355 2630 ut
1380 2586 1471 2630 ecce:
1504 2561 1577 2628 Sol·

325 2666 490 2752 lempnam
513 2668 679 2753 quandam
702 2668 899 2753 nuptiarum
921 2667 1061 2733 formam
1080 2666 1233 2732 instituit
1255 2687 1343 2752 papa
1362 2664 1578 2740 Evcaristius,

325 2787 425 2853 quam
462 2766 631 2833 obseruari
667 2768 817 2853 precepit
848 2767 911 2832 sub
940 2789 979 2833 ea
1007 2766 1213 2832 districtione
1243 2772 1290 2844 ut,
1321 2766 1350 2830 si
1379 2764 1477 2829 aliter
1505 2763 1578 2828 fieri

326 2873 600 2955 praesumerentur,
619 2887 687 2931 non
709 2867 865 2954 coniugia
888 2867 946 2932 sed
967 2866 1133 2932 adulteria
1154 2867 1297 2932 essent⁴.
1342 2870 1377 2929 et
1394 2863 1436 2928 ad
1460 2863 1576 2928 confir-

326 2966 506 3032 mationem
530 2988 588 3032 sue
611 2966 832 3053 preceptionis
856 2967 993 3031 eandem
1020 2968 1055 3030 iu
1082 2967 1156 3047 fine,
1174 2973 1213 3031 ut
1236 2965 1335 3031 moris
1358 2973 1419 3043 est,
1442 2962 1580 3048 rapeciit

325 3066 466 3132 formam
482 3066 534 3130 hie
551 3066 677 3131 uerbis:
700 3067 773 3129 Nisi
787 3067 928 3130 uoluatur
940 3067 1067 3147 propria
1085 3067 1297 3152 arffuporerit
1317 3072 1347 3128 et
1366 3071 1436 3127 nola
1456 3086 1577 3127 succur-

327 3165 422 3229 rerint
445 3167 585 3246 lepidiora,
608 3188 672 3251 que
693 3166 845 3252 superius
868 3171 1067 3251 exposuerat
1088 3167 1130 3230 de
1152 3164 1263 3250 puella
1283 3186 1304 3229 ιι
1326 3164 1519 3250 parentibus
1544 3168 1579 3227 et

326 3265 618 3352 propinquioribus
630 3265 774 3351 petenda
784 3273 819 3331 et
830 3266 987 3345 dotanda,
998 3273 1032 3330 et
1043 3266 1084 3330 da
1095 3263 1213 3330 ceteris
1224 3286 1288 3348 que
1299 3263 1347 3327 ibi
1358 3263 1579 3328 continentur.

326 3365 397 3430 Alii
416 3367 517 3430 uero⁶
533 3386 601 3430 non
619 3365 661 3429 ad
684 3365 966 3431 confirmationem
989 3365 1060 3429 eius
1083 3363 1312 3450 preceptionis,
1327 3363 1385 3426 sed
1408 3362 1514 3447 magis
1536 3361 1580 3426 ad

327 3487 399 3530 eam
425 3464 668 3543 infirmandam,
691 3465 809 3530 dicunt
835 3464 872 3528 in
897 3464 963 3528 fine
984 3464 1126 3548 positam
1149 3483 1219 3527 esse
1242 3462 1327 3527 hanc
1348 3462 1577 3537 adiectionem,

326 3564 538 3629 ridiculosam
569 3565 725 3630 facientes
754 3564 876 3628 summi
911 3563 1079 3648 pontificis
1110 3561 1391 3638 constitutionem,
1415 3569 1454 3626 ut
1484 3560 1580 3646 quasi

327 3664 417 3749 quod
432 3685 602 3749 perperam
622 3664 658 3727 in
678 3663 779 3729 inicio
795 3665 947 3742 iusserat,
963 3662 1137 3727 confestim
1157 3662 1276 3727 ductus
1291 3661 1483 3745 penitencia
1502 3682 1580 3725 mox

326 3764 363 3827 in
389 3763 455 3829 tine
484 3770 637 3828 mutaret.
692 3763 764 3828 Hec
790 3763 840 3828 ita
865 3762 1129 3847 interpretantur
1159 3766 1199 3826 ut
1223 3760 1387 3847 querelam
1418 3760 1581 3845 effugiant

327 3863 499 3928 cuiusdam
523 3861 784 3928 contrarietatis:
812 3883 891 3927 uam
912 3861 997 3925 alias
1015 3861 1138 3926 dicitur
1158 3861 1407 3926 matrimonium
1431 3860 1580 3924 contrabi

326 3963 389 4025 solo
403 3984 544 4026 eorrseaaa
556 3963 577 4040 ⁰,
593 3973 652 4047 per
666 3962 729 4026 hoc
745 3960 967 4046 intelligentes
984 3966 1161 4046 parentum
1182 3980 1377 4025 consensum
1397 3967 1431 4024 et
1446 3959 1579 4044 propin-

327 4083 478 4149 quorum,
493 4068 608 4126 contra
623 4061 781 4147 pietatem
797 4067 832 4124 et
843 4060 1025 4146 equitatem
1038 4065 1108 4123 tam
1119 4058 1305 4124 naturalem
1319 4081 1419 4143 quam
1435 4059 1579 4137 ciuilem,

328 4161 471 4226 excludi.
516 4161 582 4226 Sed
604 4163 697 4236 forta,
716 4166 754 4224 ut
776 4181 877 4245 supra
897 4160 1023 4224 dictum
1042 4165 1100 4237 est,
1119 4158 1238 4223 melius
1258 4159 1320 4224 hoc
1337 4159 1465 4223 dictum
1481 4158 1580 4222 intel-

328 4260 445 4346 ligitur
460 4262 502 4325 ad
518 4259 757 4325 excludendam
774 4259 961 4344 opinionem
978 4280 1092 4323 eorum
1109 4258 1168 4344 qui
1183 4259 1404 4344 putantquod
1420 4258 1455 4322 in
1472 4258 1581 4323 carnis

328 4359 563 4426 commixtione
583 4358 773 4443 coniugium
794 4356 982 4442 completur
1002 4365 1036 4422 et
1057 4358 1253 4443 perficiatur.
1300 4380 1377 4422 nam
1399 4359 1579 4422 secundum

319 4459 414 4531 ⁴hanc
428 4459 627 4523 sententiam
647 4479 714 4522 nou
733 4464 782 4521 est
800 4456 1001 4522 infirmanda
1021 4456 1209 4522 obseruatio
1229 4457 1479 4523 constitutionis
1496 4478 1581 4542 papa

330 4557 530 4623 Evcharn'stii
548 4558 639 4623 omni
662 4557 810 4643 equitate
832 4555 933 4642 plena
954 4564 988 4621 et
1010 4556 1144 4642 pietate,
1162 4558 1306 4622 maxima
1324 4579 1399 4622 cum
1417 4557 1581 4641 generalis

282 4739 286 4747 ¹
329 4680 396 4722 non
411 4657 457 4722 sit
471 4679 511 4722 ea
525 4658 720 4722 constitutio
736 4658 793 4721 sed
808 4657 996 4741 specialiter
1013 4657 1056 4721 ad
1078 4678 1133 4721 eas
1154 4656 1301 4742 pertinet
1315 4654 1444 4742 puellas
1466 4678 1529 4741 que
1546 4657 1582 4719 in

362 4851 370 4879 ¹
387 4866 408 4901 e.
423 4866 446 4915 9,
461 4867 483 4899 a.
494 4865 519 4912 q.
850 4849 860 4877 ²
876 4866 899 4900 c.
914 4866 953 4915 44,
967 4867 989 4900 e.
1001 4867 1027 4913 q.
1365 4848 1374 4876 ³
1393 4854 1445 4911 sed,
1461 4850 1513 4899 MS.

362 4918 619 4978 ‘asemas

363 4984 373 5074 ἰ
390 4983 454 5109 pipp.
460 4983 681 5110 (poppcqtzeqq
700 4982 755 5035 Pet.
769 4983 860 5032 Lomb.
875 4983 1006 5043 Sentent,
1021 4981 1067 5031 lib.
1082 4982 1117 5031 iv.
1132 4998 1152 5031 c.
1166 4983 1196 5030 28
1204 4997 1210 5041 ;
1229 4982 1340 5030 Summa
1352 4980 1475 5043 Rolandi‚
1486 4996 1511 5044 p.
1525 4994 1579 5045 151.
