3550 5875
414 521 594 622 Mopr'ctri
617 519 769 598 Voconii
793 521 953 597 Summo.
973 520 1018 595 de
1045 516 1299 595 Matrimonia
1447 538 1482 592 15

229 750 304 810 eam
314 767 326 808 .·
350 746 499 809 ioricam
513 751 613 808 cutem
627 751 661 808 al
676 746 754 830 quod
768 745 817 807 tir
825 746 989 829 preficeret
1004 743 1102 806 caucia
1116 748 1187 825 post
1207 741 1342 822 impleret
1362 737 1482 824 effectia

231 843 286 908 Ita
300 849 350 908 est
365 851 400 910 et
415 845 451 908 in
467 844 622 909 omnibus
638 844 722 923 aliis,
739 852 778 910 ut
792 844 997 910 iniciationis
1012 842 1169 929 perfectio
1186 842 1268 906 insit
1288 834 1482 926 perfectioni

231 929 447 1019 executionis,
484 966 556 1009 eam
594 944 722 1009 scilicet
763 945 958 1029 generando.
1015 965 1092 1007 nam
1130 944 1218 1006 sicut
1258 962 1301 1005 ex
1336 936 1482 1024 perfecto

230 1043 415 1108 sacerdocio
429 1050 481 1109 est
496 1042 677 1129 perfectum
698 1045 770 1109 eius
785 1043 938 1119 officium,
954 1043 1002 1107 sic
1022 1064 1065 1108 ex
1085 1042 1228 1127 perfecto
1248 1036 1396 1123 coniugii
1411 1038 1482 1100 iure

230 1143 400 1227 perficitur
429 1143 500 1208 eius
533 1142 677 1208 officium
711 1154 746 1208 et
775 1142 934 1208 executio.
989 1141 1178 1206 Secundum
1206 1140 1268 1205 hoc
1297 1160 1365 1203 non
1393 1141 1482 1201 recte

232 1242 356 1307 dicitur
376 1242 627 1312 matrimonium
653 1242 828 1308 iniciatam
851 1240 918 1307 nisi
940 1239 985 1306 sit
1008 1242 1080 1304 iure
1104 1239 1295 1325 perlectum.
1340 1234 1481 1317 Quando

230 1348 344 1407 autem
370 1341 406 1406 id
431 1342 504 1406 fieri
530 1342 702 1427 contingat
727 1341 867 1406 inferius
893 1341 1075 1406 docebitur.
1121 1339 1192 1404 Heo
1216 1346 1327 1402 autem
1354 1334 1483 1401 atalia

231 1439 329 1526 plura
357 1463 411 1505 mc
436 1439 601 1525 pulsando
631 1445 666 1506 ct
693 1439 870 1505 innitendo
900 1439 943 1504 ad
970 1438 1178 1505 scribendum
1204 1437 1421 1512 induxerrmt,
1443 1456 1483 1499 ea

231 1546 344 1605 tamen
371 1539 592 1605 moderatione
619 1539 735 1604 habita
761 1547 800 1604 ut
826 1560 868 1604 ex
894 1537 1047 1625 pluribus
1071 1558 1153 1624 quas
1180 1536 1299 1622 exequi
1325 1533 1484 1621 proposui

232 1639 411 1705 sentenciis
440 1638 568 1704 nullam
599 1638 720 1705 faciam
750 1660 858 1704 meam
887 1638 1102 1724 dampnando
1130 1636 1224 1716 alias,
1250 1636 1309 1701 sed
1335 1634 1485 1720 singulas

232 1745 334 1825 prout
348 1740 552 1805 occurrerint
564 1740 710 1804 rationes
727 1744 761 1803 et
772 1739 987 1803 auctoritates
1000 1737 1171 1823 probando
1187 1736 1241 1799 uel
1253 1731 1484 1821 improbando.

279 1836 311 1928 [p
325 1836 372 1926 4.]
400 1839 449 1902 Da
473 1840 669 1902 matrimonio.
714 1836 799 1902 Cum
825 1837 868 1903 ad
895 1838 1032 1902 humani
1059 1836 1186 1923 generis
1212 1833 1484 1922 propagationem

232 1936 427 2004 institutum
442 1937 488 2003 sit
502 1937 762 2016 matrimonium,
778 1959 918 2022 cumque
938 1937 991 2001 uir
1005 1936 1059 2000 et¹
1078 1935 1196 2014 mulier
1210 1936 1247 1999 in
1267 1934 1375 2000 carnis
1395 1953 1483 1997 com·

234 2038 396 2103 mixtione
419 2059 486 2103 una
507 2059 583 2103 caro
602 2036 675 2103 fieri
697 2038 884 2113 credantur,
905 2035 978 2100 ideo
1000 2040 1205 2122 putauerunt
1223 2034 1360 2120 quidam
1381 2032 1484 2097 etiam

234 2158 440 2203 summorum
456 2137 650 2222 pontificum
665 2137 702 2201 in
719 2137 793 2223 ipsa
813 2137 921 2201 carnis
942 2135 1178 2226 commixtione
1199 2141 1348 2200 constare
1368 2130 1483 2197 matri·

234 2236 393 2302 monium.
436 2258 537 2322 quam
551 2258 721 2302 remouere
737 2236 927 2322 opinionem
942 2242 1144 2300 aurauerunt
1158 2233 1343 2320 periciores.
1387 2229 1484 2295 Vnde

133 2377 138 2385 ·
233 2337 446 2402 Ambrosius:
467 2339 540 2400 Cum
556 2337 701 2400 iniciatmr
717 2336 892 2417 aestimatam,
908 2335 1038 2415 conirrpr'i
1052 2357 1153 2397 momen
1168 2333 1356 2396 alcmenam.
1389 2329 1486 2416 quasi

233 2443 316 2502 tunc
337 2443 372 2501 et
393 2457 462 2501 non
484 2443 607 2521 postea.
651 2437 740 2501 unde
763 2435 901 2501 subicit:
928 2435 996 2498 Nom
1020 2433 1176 2520 defloratio
1200 2433 1387 2514 cirpinitata‘c
1397 2431 1485 2513 facit

234 2536 451 2600 matrimonium
466 2538 520 2601 red
530 2535 630 2618 pactio
644 2536 817 2616 carismatis,
832 2535 866 2599 id
883 2541 941 2611 est,
957 2556 1023 2620 qua
1037 2535 1111 2600 uiro
1128 2556 1163 2599 re
1178 2534 1251 2619 ipsa
1265 2531 1488 2617 coniungitur,

234 2657 302 2701 non
319 2658 386 2722 qua
408 2636 482 2701 uiro
502 2634 720 2722 promittitur.
764 2635 836 2700 Hec
859 2634 1094 2721 interpretacio
1117 2633 1273 2719 congruit
1294 2631 1485 2697 diffinitioni

234 2734 418 2821 coniugii³:
446 2741 492 2798 cat
514 2737 591 2799 enim
614 2734 782 2816 conirepium
805 2735 971 2797 conirermlio
998 2733 1089 2796 mam'a
1112 2739 1140 2796 et
1155 2733 1272 2817 femine
1297 2732 1486 2794 indiuiduam

235 2835 475 2899 emraetudinem
490 2835 553 2898 aila
566 2836 727 2899 continens.
768 2834 844 2899 Non
861 2835 973 2919 itaque
987 2834 1023 2897 in
1039 2833 1145 2898 caruis
1161 2831 1394 2896 commixtione
1409 2851 1486 2895 aon·
1549 2848 1551 2851 ⁴

240 2934 364 3001 sistunt
388 2936 514 3021 nuptie,
536 2956 597 3001 neo
622 2936 659 3000 in
684 2934 887 3022 sponsalium
911 2933 1142 3012 conueucione,
1156 2932 1244 2998 sicut
1266 2932 1325 2996 alii
1347 2931 1486 3018 quidam

236 3040 369 3121 putant,
399 3035 436 3099 in
466 3056 533 3121 qua
560 3040 694 3100 tantum
727 3056 802 3120 spes
834 3041 885 3100 est
917 3035 1023 3099 futuri
1056 3033 1271 3098 matrimonii.
1323 3030 1412 3117 quod
1444 3053 1487 3095 ex

236 3132 441 3220 sponsalium
460 3134 659 3200 diffinitione
679 3134 889 3200 manifestum
910 3133 999 3199 est⁴:
1025 3133 1179 3214 Sporrralia
1199 3155 1269 3196 aero
1288 3138 1359 3194 aurat
1379 3132 1487 3194 mentio

237 3240 267 3299 et
288 3234 472 3316 repromissio
483 3237 669 3318 saturamur
691 3234 874 3314 nuptiarum.
922 3230 955 3322 [p
975 3229 1021 3321 5.]
1045 3232 1141 3297 Alius
1163 3232 1276 3318 itaque
1298 3237 1488 3297 contractus

237 3338 290 3399 est
311 3333 557 3420 sponsaliorum
567 3335 590 3411 ⁶,
610 3334 698 3399 alius
721 3333 926 3419 nuptiarum,
945 3343 979 3397 et
1000 3333 1136 3398 omnino
1162 3332 1334 3417 utriusque
1356 3331 1489 3395 diuersa

235 3433 433 3520 proprietas.
478 3454 555 3498 nam
582 3433 671 3498 sicut
699 3454 849 3497 amarum
879 3432 973 3497 datio
1000 3431 1035 3496 in
1061 3432 1271 3517 sponsalibus
1296 3433 1336 3496 lit
1361 3438 1395 3495 et
1420 3451 1488 3495 non

169 3552 175 3569 ⁸
237 3533 275 3597 in
294 3532 433 3617 nuptiis,
449 3533 497 3598 ita
512 3533 602 3599 dotis
617 3532 709 3598 datio
729 3541 763 3597 et
782 3539 904 3597 natura
922 3531 959 3595 in
979 3532 1105 3616 nuptiis
1126 3532 1297 3616 perficitur
1312 3536 1346 3596 et
1365 3552 1433 3596 non
1452 3529 1488 3593 in

238 3632 458 3718 sponsalibus.
504 3634 582 3697 item
612 3632 649 3697 in
680 3632 891 3718 sponsalibus
918 3653 987 3698 non
1017 3653 1101 3696 uxor
1125 3632 1249 3696 dicitur
1275 3631 1332 3695 scd
1359 3652 1489 3715 sponsa,

238 3733 276 3797 in
290 3733 419 3817 nuptiis
434 3754 502 3798 uon
521 3755 643 3819 sponsa
663 3734 718 3797 sed
741 3754 826 3797 uxor
840 3740 987 3798 uocatur.
1033 3733 1115 3796 item
1135 3732 1171 3796 in
1191 3731 1402 3816 sponsalibus
1421 3752 1489 3795 non

240 3839 310 3898 etas
332 3833 551 3911 attenditur-⁰,
568 3854 635 3899 non
658 3832 875 3910 domicilium,
893 3854 960 3898 non
983 3832 1162 3919 presencia,
1179 3832 1236 3896 scd
1258 3832 1347 3895 eolus
1369 3831 1490 3895 sufficit

240 3953 423 3997 consensus
469 3932 506 3996 in
526 3933 681 4017 coniugio
702 3953 781 3997 uero
801 3939 871 3997 tam
890 3939 960 3996 etas
978 3953 1078 4017 quam
1098 3930 1262 4016 presentia
1280 3930 1334 3995 uel
1354 3930 1490 3995 domici·

240 4032 322 4096 lium
335 4032 551 4097 desideratur.
586 4031 663 4096 Alie
678 4040 757 4096 sunt
768 4040 917 4117 preterea
928 4019 1147 4117 proprietates
1159 4031 1280 4115 quibus
1296 4037 1491 4116 separantur

190 4197 192 4202 ,
239 4132 356 4217 nuptie
378 4154 399 4195 a
421 4132 639 4216 sponsalibus.
684 4132 771 4196 inter
791 4131 900 4195 uirum
923 4132 1012 4195 euim
1037 4139 1071 4196 et
1092 4151 1237 4215 uxorem,
1259 4139 1293 4195 et
1314 4152 1379 4194 non
1403 4130 1492 4195 inter

240 4252 397 4318 sponsum
424 4238 459 4294 et
484 4252 650 4316 sponsam,
672 4231 868 4297 donationes
895 4238 975 4295 sunt
1000 4229 1175 4316 prohibite.
1224 4226 1256 4318 [ξ
1279 4227 1325 4316 6.]
1351 4230 1415 4294 His
1440 4230 1491 4295 ita

238 4330 470 4416 respondetur:
491 4330 680 4395 Secundum
695 4330 783 4416 leges
799 4331 902 4395 seculi
913 4330 962 4395 ita
977 4330 1208 4416 distinguntur
1222 4330 1339 4415 nuptie
1357 4351 1378 4394 a
1393 4349 1490 4413 spon-

240 4431 367 4496 salibus
392 4439 426 4494 et
452 4451 520 4495 non
546 4430 766 4496 ecclesiastico
796 4431 876 4508 iure,
903 4429 1082 4495 secundum
1109 4429 1197 4515 quod
1223 4429 1414 4514 coniugium
1441 4439 1491 4493 est

239 4530 425 4595 animorum
442 4531 583 4616 quedam
600 4530 782 4615 spiritualis
798 4531 986 4595 coniunctio
1003 4530 1117 4617 quein
1135 4528 1343 4613 sponsalibus
1358 4528 1491 4614 quidem
1590 4518 1594 4525 ⁶

240 4630 408 4708 iniciatur‚
425 4630 460 4693 in
482 4628 607 4694 carnali
632 4651 710 4694 uero
729 4630 953 4715 permixtione
974 4629 1143 4716 perficitur
1161 4635 1195 4692 et
1212 4634 1461 4693 consummatur
1469 4628 1492 4694 ⁷.

241 4728 351 4795 Semel
367 4728 455 4793 enim
473 4734 606 4795 tantum
622 4731 840 4809 contrahitur,
855 4729 983 4794 scilicet
998 4729 1033 4793 in
1049 4726 1268 4794 conuentione
1288 4726 1444 4812 sponsali,
1460 4736 1494 4794 et

273 4864 472 4915 ¹0mitetlllS.
541 4865 802 4930 ²c.5,0.27.q.2.
872 4864 964 4916 ’dict
977 4869 1041 4915 ante
1054 4881 1076 4914 c.
1092 4865 1154 4923 μῦ.
1170 4864 1379 4928 27..q.2;1nst.
1396 4877 1416 4917 1.
1431 4879 1491 4930 92¹·

273 4928 359 4993 ⁴Dlg.
376 4945 414 4991 ²3·
433 4946 451 4981 r.
469 4946 490 4980 1.
973 4931 1119 4993 'Similis

271 4994 282 5022 ⁶
298 5000 427 5046 attenditur
438 4999 469 5046 in
481 4997 604 5059 margin;
621 5001 786 5046 attendendum
797 4997 827 5045 in
839 4999 903 5046 text.
961 5055 966 5064 ·

275 5060 324 5111 'c
339 5062 541 5127 360ttrdict.
555 5068 616 5128 post
629 5078 649 5113 o.
665 5077 703 5128 39,
717 5065 747 5114 Ο.
761 5076 799 5126 ²7·
814 5079 838 5124 q.
855 5079 878 5113 α.
