3550 5875
397 528 575 629 Magistri
598 528 754 605 Voconii
780 527 936 606 Summa
962 529 1006 605 de
1032 526 1290 606 Matrimonia
1431 547 1470 605 rr

213 749 428 835 sponsalibus
460 750 528 814 iam
559 755 609 816 est
643 751 817 816 iniciatam
851 752 1053 835 coniugium,
1081 771 1147 836 qua
1179 750 1308 814 ratione
1341 749 1470 815 dicetur

214 850 376 914 futurum.
421 851 571 931 marsalia
595 850 671 914 enirn
685 851 888 936 scaturirent
912 849 1128 924 rnatrimonii¹,
1148 849 1182 913 id
1206 855 1267 926 est,
1287 848 1358 913 eius
1379 848 1470 934 quod

214 947 366 1012 nondum
382 954 442 1015 est.
487 971 565 1035 ergo
584 950 620 1013 in
640 951 848 1035 sponsalibus
862 949 1038 1014 iniciatam
1052 949 1301 1014 matrimonium
1318 970 1386 1013 non
1406 955 1469 1026 est,

213 1053 277 1112 aut
297 1048 546 1113 matrimonium
568 1048 739 1116 iniciatam
759 1072 827 1115 non
849 1056 900 1114 est
919 1047 1178 1114 matrimonium.
1224 1044 1258 1135 [b
1274 1043 1320 1137 a]
1342 1048 1405 1112 His
1421 1049 1470 1112 ita

215 1145 436 1231 respondetur
465 1170 486 1211 a
515 1148 733 1234 quibusdam:
769 1149 845 1235 ‘qui
875 1148 965 1213 iurat
997 1169 1032 1212 se
1066 1153 1280 1233 accepturum
1312 1147 1469 1233 aliquam,

215 1246 374 1311 continuo
397 1248 647 1312 matrimonium
670 1249 847 1326 contrahit,
863 1249 944 1334 quia
966 1246 997 1311 ei
1018 1247 1055 1310 in
1079 1245 1194 1311 futura
1216 1246 1326 1312 carnis
1349 1246 1471 1333 copula

215 1344 390 1410 individue
405 1346 476 1412 uite
491 1346 762 1412 consuetudinem
778 1348 945 1413 consentit
955 1346 986 1411 ².’
1033 1346 1221 1411 Secundum
1238 1366 1320 1431 quos
1335 1353 1470 1432 propter

216 1443 321 1509 solam
354 1446 462 1510 carnis
495 1446 767 1512 commixtionem
802 1445 1052 1511 matrimonium
1086 1446 1235 1510 laturum
1270 1446 1405 1523 dicitur,
1435 1451 1470 1510 et

211 1527 283 1607 'non
307 1551 442 1630 pmpter
457 1546 563 1630 ipsam
584 1544 770 1611 animorum
794 1546 1063 1611 coniunctionem
1086 1550 1120 1610 et
1142 1544 1381 1631 obligationem
1405 1568 1469 1631 qne

216 1641 255 1706 in
269 1643 478 1729 sponsalibus
493 1644 561 1709 iam
576 1651 749 1710 contracta
764 1651 822 1720 est,
838 1644 1116 1730 quemadmodum
1137 1643 1173 1708 in
1192 1644 1270 1709 aliis
1290 1645 1469 1710 contracti·

217 1741 281 1806 bus
308 1748 346 1807 ut
373 1745 410 1807 in
439 1765 548 1807 rerum
579 1743 735 1809 societate
765 1753 799 1810 et
828 1744 1007 1809 donatione
1036 1749 1071 1808 et
1100 1743 1267 1809 similibus
1296 1745 1468 1830 contingit.

216 1842 371 1925 quamuis
388 1842 510 1908 etenim
526 1849 689 1928 quantum
709 1843 752 1909 ad
774 1843 1012 1929 obligationem
1033 1844 1171 1908 societas
1192 1850 1226 1907 et
1246 1843 1380 1909 donatio
1400 1843 1469 1908 iarn

217 1940 303 2007 facte
333 1942 498 2022 dicantur,
528 1942 636 2007 adhuc
665 1948 779 2009 tamen
808 1949 971 2028 quantum
1007 1942 1050 2007 ad
1085 1941 1132 2005 rei
1166 1942 1400 2027 perlectionem
1436 1951 1470 2008 et

217 2040 431 2105 traditionem
456 2041 567 2107 future
588 2042 817 2107 nominantur.

263 2137 295 2229 [t
308 2136 352 2227 9.]
377 2139 503 2204 Contra
519 2140 578 2206 hec
592 2149 704 2205 autern
720 2142 897 2207 dicendum
918 2146 969 2206 est
988 2131 1076 2225 quod
1096 2139 1133 2204 in
1151 2141 1285 2225 negotio
1303 2140 1469 2207 societatis

216 2245 289 2305 tota
308 2239 476 2325 perficitur
495 2240 655 2326 obligatio
676 2241 712 2304 in
733 2240 886 2325 pactione
908 2240 1133 2326 participandi
1151 2239 1235 2304 lucri
1249 2239 1304 2305 uel
1322 2240 1469 2325 dampni,

216 2340 344 2425 etipsa
366 2338 480 2404 eadem
502 2344 574 2405 tota
596 2340 729 2405 tollitur
751 2346 785 2405 et
807 2341 982 2426 perimitur
1003 2341 1040 2404 in
1062 2341 1257 2405 executione
1278 2340 1468 2427 participati

217 2439 301 2504 lucri
316 2445 351 2503 et
365 2439 512 2525 dampni.
542 2446 577 2505 et
589 2433 728 2505 donatio
743 2435 877 2526 quoque·
889 2445 962 2505 tota
977 2440 1013 2504 in
1028 2440 1183 2525 pactione
1199 2440 1418 2517 contrahitur,
1435 2445 1470 2505 et

216 2545 290 2603 tota
304 2540 340 2603 in
355 2538 403 2603 rei
418 2538 598 2604 traditione
612 2538 766 2605 soluitur.
810 2538 925 2605 eadem
941 2546 990 2604 est
1005 2538 1090 2604 ratio
1105 2540 1141 2603 in
1156 2539 1332 2604 similibus.
1370 2541 1417 2604 At
1432 2541 1469 2603 in

216 2663 431 2728 personarum
452 2643 617 2721 societate,
633 2642 668 2707 id
689 2643 793 2708 estin
810 2643 1017 2709 matrimonii
1038 2643 1181 2726 negotio,
1197 2643 1282 2708 duos
1302 2643 1469 2728 contingit

216 2742 287 2806 fieri
324 2748 523 2807 contractus.
575 2744 703 2829 primus
736 2749 925 2808 contractus
962 2748 1014 2806 est
1051 2742 1301 2827 sponsaliorum,
1331 2743 1368 2807 in
1402 2765 1468 2828 quo

216 2840 317 2906 etiam
347 2842 498 2907 extranei
527 2842 715 2928 obligantur
745 2851 784 2909 ut
807 2842 877 2928 ipse
903 2863 1042 2928 persone
1065 2842 1267 2929 principales
1289 2865 1323 2908 se
1349 2850 1468 2908 mutuo

216 2943 383 3028 accipiant
412 2965 488 3009 cum
518 2942 595 3008 dote
624 2948 658 3009 et
687 2950 823 3030 propter
851 2943 988 3029 nuptias
1019 2942 1197 3008 donatione
1222 2944 1408 3030 prescripta
1433 2950 1468 3009 et

216 3043 396 3108 nominata
441 3043 602 3109 secundus
624 3050 814 3109 contractus
837 3048 887 3108 est
909 3043 1103 3128 nuptiarum
1124 3041 1162 3105 in
1181 3064 1248 3128 quo
1267 3042 1468 3129 principales

217 3141 396 3207 dumtaxat
411 3146 565 3207 tenentur
579 3142 623 3207 ad
637 3141 840 3208 reddendum
852 3142 983 3207 carnale
992 3141 1151 3207 debitum.
1189 3142 1231 3206 In
1244 3142 1320 3208 aliis
1335 3166 1468 3231 quoque

216 3242 358 3327 negotiis
372 3242 479 3307 simile
499 3243 694 3328 repperitur,
710 3251 750 3309 ut
764 3243 800 3307 in
820 3264 859 3308 eo
879 3243 938 3328 qui
958 3241 1111 3327 promisit
1131 3241 1194 3307 tibi
1212 3243 1302 3328 quod
1319 3265 1370 3308 res
1390 3249 1467 3310 tuas

216 3341 376 3427 reciperet
390 3342 630 3417 custodiendas,
642 3364 762 3428 easque
776 3343 813 3405 in
825 3363 864 3405 ea
875 3362 976 3405 causa
989 3346 1104 3424 postea
1118 3343 1251 3426 recepit
1280 3342 1467 3408 sicutenim

216 3441 280 3505 iste
302 3446 480 3527 antequam
498 3463 550 3506 res
572 3443 736 3529 acciperet
757 3464 799 3507 ex
822 3440 1039 3528 promissione
1061 3441 1105 3505 ad
1128 3440 1380 3507 custodiendum
1398 3464 1468 3509 non

220 3541 393 3605 tenebatur
408 3541 464 3605 sed
480 3541 522 3604 ad
540 3541 774 3627 recipiendum,
790 3542 826 3605 in
845 3540 988 3606 secundo
1009 3561 1087 3605 uero
1106 3546 1277 3605 contractu
1302 3542 1336 3605 id
1352 3549 1414 3622 est,
1428 3543 1465 3606 in

216 3640 413 3725 recipiendo,
431 3640 511 3705 dum
534 3642 577 3707 ab
600 3642 801 3728 obligatione
823 3639 1004 3726 recipiendi
1024 3639 1218 3718 absoluitur,
1234 3640 1404 3726 obligatur
1423 3642 1467 3706 ad

217 3740 492 3806 custodiendum:
523 3740 573 3805 ita
591 3742 679 3806 etin
699 3739 910 3825 sponsalibus
933 3740 976 3804 ad
999 3738 1202 3803 reddendum
1224 3739 1376 3805 debitum
1399 3759 1467 3805 non

216 3844 348 3903 tenetur
363 3860 511 3924 sponsus,
527 3840 584 3905 sed
600 3841 641 3905 ad
662 3840 884 3926 recipiendam
903 3860 1076 3923 sponsam:
1099 3838 1135 3902 in
1152 3840 1280 3925 nuptiis
1297 3862 1383 3917 uero,
1399 3841 1466 3905 iam

216 3939 259 4003 ad
281 3939 503 4025 recipiendam
525 3962 598 4005 eam
621 3939 822 4026 obligatione
845 3939 989 4016 sublata,
1011 3939 1053 4003 ad
1083 3939 1233 4004 debitum
1262 3938 1465 4005 reddendum

216 4046 356 4104 tenetur.
403 4036 436 4127 [b
457 4035 519 4127 ro]
544 4039 735 4126 Aliquando
757 4045 869 4104 tamen
889 4039 960 4104 sine
980 4038 1188 4124 sponsalibus
1203 4039 1318 4125 nuptie
1333 4047 1464 4105 contra-

216 4138 350 4217 huntur,
365 4146 405 4204 ut
419 4139 542 4204 accidit
561 4140 597 4203 in
614 4141 693 4225 Lya,
709 4161 771 4226 qne
791 4160 1001 4225 nequaquam
1023 4138 1088 4203 fuit
1106 4137 1205 4203 Iamb
1221 4139 1392 4224 promissa,
1407 4140 1465 4204 sed

216 4238 370 4304 tradita³.
415 4260 484 4304 non
505 4238 571 4304 fuit
593 4262 670 4326 ergo
691 4261 824 4324 sponsa,
838 4239 895 4303 sed
915 4261 998 4304 uxor
1012 4238 1257 4314 ratihabitione,
1274 4260 1342 4304 non
1356 4242 1465 4306 carnis

216 4339 459 4404 commixtione.
505 4360 582 4403 nam
609 4340 635 4404 si
661 4339 898 4404 ratihabitione
928 4338 1029 4404 Iacob
1053 4339 1124 4423 Lya
1151 4338 1285 4416 tradita,
1309 4338 1465 4406 Rachelis

216 4438 325 4503 soluta
347 4445 426 4503 sunt
447 4438 623 4523 sponsalia,
641 4438 711 4503 sine
733 4439 835 4504 dubio
858 4459 897 4502 ea
914 4439 1151 4504 ratihabitione
1168 4437 1224 4502 hie
1246 4440 1363 4525 nuptie
1385 4446 1466 4505 sunt

216 4544 385 4604 contracte
407 4539 508 4603 etiam
531 4540 603 4603 sine
626 4537 733 4603 carnis
756 4538 1000 4617 commixtione,
1016 4547 1055 4603 ut
1076 4538 1125 4601 ita
1146 4537 1191 4601 sit
1213 4539 1465 4603 matrimonium

216 4639 341 4724 absque
363 4638 573 4724 sponsalibus
596 4644 629 4703 ct
652 4639 761 4703 carnis
783 4639 1028 4705 commixtione.
1074 4636 1261 4702 Secundum
1284 4638 1372 4723 quod
1397 4661 1466 4705 nen

250 4838 258 4868 ¹
275 4839 334 4901 Dig.
350 4852 387 4901 23.
404 4844 425 4889 t.
442 4853 470 4890 1:
488 4820 679 4899 spondeant
688 4843 772 4889 mendo
784 4846 804 4889 et
814 4844 959 4899 repromissio
971 4843 1265 4897 numiammsuaramna
1292 4848 1298 4854 '

222 4975 227 4985 .
248 4904 360 4985 ’vitreae
371 4905 459 4954 words
473 4921 547 4954 corna
562 4906 631 4955 from
645 4906 765 4968 Rufinus,
779 4921 805 4969 p.
819 4919 874 4970 393.
911 4906 965 4955 But
983 4905 1017 4954 he
1035 4906 1084 4954 has
1095 4908 1209 4964 satamon
1227 4909 1307 4954 carnis
1323 4910 1427 4965 apulam
1444 4911 1465 4954 et

217 4975 359 5086 ²'alwitdswtii
365 5036 412 5085 the
424 5052 482 5087 case
495 5037 524 5087 ol
533 5037 604 5088 Leab
616 5037 670 5088 and
682 5037 771 5100 Jacob,
786 5052 828 5087 soc
840 5037 868 5087 C.
885 5052 923 5101 29·
937 5051 962 5099 q.
979 5050 999 5085 ι.
