3550 5875
407 517 585 621 Mepisirt'
604 518 756 597 Vocare·
780 518 936 596 Summa
962 518 1009 597 de
1034 517 1284 596 Matrimonia
1432 540 1471 598 25

218 740 279 806 sed
293 739 380 804 hanc
391 738 592 806 sentenciam
603 760 691 819 uero,
700 740 760 807 ut¹
775 763 879 827 supra
890 739 1102 821 ostendimus,
1115 739 1303 826 improbare
1313 738 1472 805 uidentur

218 839 398 926 periciores
419 844 573 906 auctores
595 838 740 917 ecclesie,
756 840 903 906 docendo
926 840 1015 926 quod
1037 840 1106 906 solo
1128 861 1290 906 consensu
1312 839 1372 905 fiat
1392 859 1470 904 con-

218 943 363 1029 iugium,
379 941 458 1008 dum
474 964 510 1008 se
524 948 642 1009 mutuo
657 944 836 1028 accipiunt.
869 964 935 1030 qus
949 943 1115 1010 sententia
1130 951 1163 1009 et
1177 943 1300 1009 rationi
1315 940 1471 1028 congruit

218 1050 256 1108 et
270 1040 336 1107 iuri
349 1040 450 1107 ciuili.

267 1138 302 1230 [t
327 1136 394 1229 24]
428 1140 490 1206 Hii
513 1161 592 1207 uero
614 1141 674 1228 qui
704 1163 808 1229 usque
832 1141 875 1208 ad
898 1140 1111 1209 concubitum
1135 1139 1303 1226 sponsalia
1324 1140 1472 1219 trahunt,

219 1240 333 1326 plures
366 1246 562 1305 enumerant
592 1261 688 1307 casus
719 1241 842 1328 quibus
875 1242 984 1307 omnis
1017 1241 1209 1309 coniunctio
1236 1262 1300 1328 que
1330 1241 1371 1305 fit
1392 1245 1472 1304 ante

219 1339 331 1405 carnia
360 1344 482 1419 actum,
507 1340 689 1406 secundum
715 1363 771 1407 eos
797 1341 936 1407 dissolui
962 1346 1083 1428 potest.
1136 1341 1224 1406 Sunt
1252 1346 1364 1405 autem
1389 1338 1471 1405 hee:

117 1449 123 1456 '
221 1438 460 1525 ‘Desponsatio
492 1440 655 1524 posterior
690 1441 799 1507 caruis
837 1440 1075 1508 commixtione
1104 1435 1262 1527 perfecta,
1290 1445 1473 1525 spontanea

219 1539 359 1605 alterius
382 1538 567 1618 fornicatio,
590 1541 740 1627 raptus²,
758 1540 967 1617 maleficium,
990 1539 1135 1606 melioris
1160 1538 1320 1626 propositi
1346 1537 1473 1616 electio,

220 1637 378 1704 horrendi
392 1637 541 1704 criminis
552 1639 762 1725 perpetratio,
772 1639 910 1705 alterius
922 1645 1082 1726 perpetua
1092 1638 1254 1725 egritudo,
1266 1637 1474 1724 captiuitatis

220 1738 383 1805 continua
397 1735 546 1803 detencio
558 1739 589 1806 ³!
633 1738 686 1804 De
704 1739 758 1804 his
772 1747 884 1806 autem
902 1761 942 1805 ea
956 1740 1131 1806 tractando
1151 1758 1389 1825 persequamur
1408 1758 1474 1823 qua

221 1837 330 1923 magis
351 1841 435 1924 puto
454 1835 531 1901 huic
554 1838 686 1924 negotio
706 1838 872 1925 expedire.
933 1834 967 1925 [t
983 1834 1050 1926 25.]
1074 1836 1185 1903 Primo
1206 1837 1320 1924 itaque
1341 1836 1473 1923 quando

221 1936 385 2023 posterior
405 1935 617 2021 desponsatio
632 1943 766 2024 propter
784 1937 894 2003 carnis
912 1936 1183 2004 commixtionem
1196 1936 1306 2003 soluat
1322 1937 1474 2022 priorem,

221 2036 392 2122 inquirere
406 2056 550 2121 possum,
564 2037 715 2102 inuenire
735 2046 847 2104 autem
863 2036 970 2103 fateor
985 2059 1037 2102 me
1051 2037 1188 2102 nescire.
1232 2058 1310 2102 nam
1332 2037 1362 2101 si
1383 2035 1475 2120 prior

223 2138 271 2201 sit
294 2155 425 2221 sponsa,
449 2134 487 2198 id
512 2141 572 2215 est,
597 2135 760 2221 promissa
792 2143 925 2203 tantum
951 2158 1020 2203 non
1046 2136 1181 2214 tradita,
1205 2135 1369 2221 posterior
1395 2156 1475 2200 uero

223 2236 325 2302 etiam
340 2234 474 2311 tradita,
490 2255 529 2300 eo
543 2233 616 2319 ipso
630 2236 720 2321 quod
740 2236 842 2302 ducta
862 2244 922 2316 est,
937 2258 1070 2302 manere
1086 2236 1273 2301 debetcum
1291 2257 1341 2301 so.
1385 2234 1476 2321 prior

224 2356 304 2400 uero
320 2339 529 2400 remoueatur
544 2355 586 2398 ex
602 2334 734 2401 decreto
750 2335 905 2401 Ormisde
920 2357 1013 2422 pape,
1029 2341 1063 2400 st
1085 2334 1156 2420 ipse
1181 2334 1222 2400 de
1245 2334 1386 2400 mentita
1408 2333 1475 2399 fide

223 2432 445 2520 penitenciam
461 2431 568 2519 agata
597 2455 640 2499 ex
655 2433 789 2502 decreto
803 2442 916 2501 tamen
931 2434 1010 2500 Sirii
1025 2436 1134 2521 pape⁶
1146 2433 1213 2499 tole
1225 2434 1475 2500 matrimonium

225 2534 358 2599 uidetur
371 2531 656 2615 anathematizari,
666 2534 732 2599 nisi
748 2534 834 2600 forte
850 2534 894 2599 ad
910 2534 1035 2600 sactum
1051 2540 1184 2599 tantum
1200 2532 1323 2598 inimic
1334 2532 1475 2618 punien-

225 2633 306 2698 dum
327 2652 390 2717 que
410 2630 577 2717 prioribus
599 2633 812 2719 sponsalibus
828 2635 918 2700 facta
932 2639 994 2713 est,
1010 2638 1044 2699 et
1058 2654 1127 2698 non
1144 2632 1189 2697 ad
1204 2633 1254 2697 ius
1269 2629 1474 2698 matrimonii

225 2730 468 2819 prohibendum
491 2731 676 2818 respexerit
698 2752 796 2818 papa.
852 2733 941 2798 sicut
963 2731 1147 2819 prohibitio
1170 2731 1376 2798 matrimonii
1398 2751 1475 2796 cum

227 2831 331 2896 uidua
356 2829 447 2896 intra
472 2852 599 2896 annum
623 2832 787 2898 contracti
810 2831 853 2898 ad
875 2832 1036 2898 iniuriam
1058 2836 1189 2896 tantum
1216 2831 1364 2918 pertinet
1386 2851 1475 2896 com·

227 2928 401 2997 mixtionis
423 2931 597 3018 sanguinis
620 2931 879 3018 dampnandum,
895 2939 930 2999 et
952 2953 1022 2998 non
1042 2930 1087 2997 ad
1110 2931 1164 2996 ius
1184 2929 1410 2998 matrimonii:
1441 2934 1476 2995 et

227 3031 302 3096 ideo
317 3029 409 3096 ualet
424 3032 625 3117 coniugium.
670 3031 783 3098 Potest
802 3033 905 3098 etiam
927 3030 1014 3097 illud
1034 3031 1102 3098 dici
1118 3031 1207 3117 quod
1221 3030 1263 3095 de
1276 3031 1477 3117 desponsata

227 3152 285 3218 per¹
313 3130 412 3196 fidem
440 3151 617 3196 cousensus
643 3152 729 3218 papa
754 3131 894 3198 Siricius
918 3131 1125 3218 questionem
1148 3131 1278 3209 referat,
1301 3153 1366 3217 que
1392 3151 1478 3195 uxor

227 3231 328 3297 etiam
348 3236 426 3297 ante
444 3231 714 3297 commixtionem
730 3232 807 3311 fuit,
822 3238 856 3297 et
873 3231 950 3297 ideo
968 3230 1149 3298 secundum
1172 3229 1259 3295 iuste
1279 3229 1477 3314 dampnauit

227 3330 427 3417 coniugium,
443 3337 482 3396 ut
495 3330 545 3397 ita
559 3331 754 3397 commixtio
769 3330 875 3397 nichil
890 3337 1044 3418 operetur
1058 3329 1093 3395 iu
1108 3330 1162 3395 his
1176 3330 1316 3396 casibus.
1357 3324 1391 3416 [t
1408 3325 1475 3418 ab]

229 3431 266 3496 Si
283 3448 360 3496 uero
374 3428 539 3496 obiciatur
552 3430 735 3497 auctoritas
741 3430 882 3515 anarii
895 3430 1067 3496 Remeueis
1081 3429 1350 3516 archiepiscopil,
1363 3429 1478 3514 inqua

228 3530 277 3594 ita
296 3529 457 3614 scriptum
476 3535 527 3594 est
542 3531 582 3595 de
596 3529 648 3595 his
664 3530 723 3617 qui
737 3551 797 3616 per
812 3530 986 3595 sorciariae
1007 3537 1041 3595 et
1056 3529 1222 3596 maleficae
1237 3527 1476 3615 impediuntur,

228 3628 315 3715 quod
331 3630 360 3692 oi
368 3630 459 3712 sorte
476 3630 581 3702 cancri
602 3653 660 3693 aon
672 3637 813 3712 poterunt
828 3630 963 3711 seperari
980 3630 1144 3693 realebunt:
1164 3630 1217 3692 ced
1228 3634 1385 3714 postquam
1398 3628 1479 3690 aliua

228 3730 351 3811 nuptiae
369 3727 547 3810 expetierint
568 3735 598 3792 et
619 3730 687 3793 illie
708 3731 742 3793 iu
763 3752 852 3794 earne
873 3730 1046 3793 sciscentibus
1068 3730 1167 3793 iuncte
1179 3729 1314 3813 saeviret,
1322 3727 1479 3809 prioribm

228 3850 300 3912 quoe
314 3828 504 3913 reliquerunt,
519 3834 549 3892 et
572 3828 602 3892 ei
616 3830 807 3910 possibilitas
828 3828 1034 3892 succumbendi
1055 3829 1099 3891 eie
1118 3828 1235 3891 reddita
1247 3827 1362 3911 fuerit,
1376 3847 1478 3890 recon-

232 3927 335 3992 ciliari
356 3928 527 4012 nequibunt,
542 3949 584 3992 ex
607 3928 660 3993 hie
680 3928 791 3995 uerbis
810 3950 879 3994 non
899 3927 1043 3994 habetur
1056 3927 1146 4013 quod
1165 3934 1300 4013 propter
1313 3926 1478 3992 carnalem

229 4027 500 4094 commixtionem
522 4027 556 4092 id
579 4027 719 4103 accidat,
735 4034 774 4092 ut
795 4028 964 4115 prioribus
986 4049 1069 4112 quos
1090 4026 1295 4113 relinquunt,
1317 4027 1397 4090 dum
1420 4023 1480 4089 alii

230 4127 352 4192 uiuunt
374 4128 411 4190 in
428 4148 535 4205 carne,
550 4148 619 4192 non
636 4128 767 4213 possint
781 4126 1008 4194 reconciliari:
1031 4126 1089 4191 sed
1108 4126 1182 4192 ideo
1201 4126 1245 4217 ad
1265 4127 1391 4211 priores
1411 4145 1480 4189 non

229 4234 369 4311 possunt
389 4226 513 4291 reuerti
535 4248 640 4313 quum
660 4227 704 4292 ab
719 4226 767 4292 eis
792 4227 866 4292 iure
883 4227 1026 4308 separati,
1040 4226 1187 4313 perfecto
1207 4246 1282 4291 cum
1298 4225 1375 4290 ahie
1397 4222 1480 4302 iure,

230 4332 309 4391 ante
331 4325 440 4390 carnis
460 4325 563 4390 etiam
585 4326 869 4401 commixtionem,
889 4326 996 4392 iuncti
1019 4333 1099 4390 sunt
1118 4333 1244 4412 postea.
1288 4322 1379 4404 Quid
1401 4344 1480 4408 ergo

230 4426 258 4490 si
274 4446 342 4490 non
357 4432 559 4490 curauerunt
570 4431 648 4490 aute
662 4447 684 4490 a
698 4425 863 4510 prioribus
876 4425 1022 4511 separari
1038 4447 1138 4511 quam
1155 4424 1230 4489 aliis
1245 4421 1480 4509 iungerenturl

231 4524 337 4600 Certa
353 4524 383 4587 si
400 4524 491 4609 prior
505 4525 695 4591 coniunctio
712 4525 754 4590 de
774 4524 846 4590 iure
867 4524 1010 4601 ualebat,
1026 4524 1125 4589 simul
1148 4524 1212 4588 due
1231 4522 1481 4589 coniunctiones

230 4629 335 4701 erunt,
349 4622 485 4702 scilicet,
499 4624 645 4689 secunda
660 4623 759 4691 ualet.
789 4625 879 4712 quod
897 4624 1032 4710 quidem
1046 4629 1116 4689 tam
1131 4624 1173 4689 de
1188 4623 1258 4688 iure
1273 4621 1364 4688 ciuili
1380 4642 1480 4707 quam

262 4774 478 4836 mussans.
939 4776 1137 4839 merosus.

263 4844 274 4873 Ι

263 4906 274 4937 ⁴
290 4842 519 4971 {hiilrhhtiitsthe
535 4908 615 4959 Palea
626 4909 717 4959 which
734 4925 845 4974 appears
856 4925 885 4961 aa
897 4923 919 4959 c.
934 4921 974 4974 51,
988 4908 1016 4958 G.
1030 4919 1068 4973 ²7·
1082 4923 1108 4970 q.
1124 4922 1145 4971 π,
1158 4908 1214 4958 and
1229 4909 1346 4957 ascribes
1363 4907 1440 4956 iteels
1453 4908 1483 4955 to

230 4970 411 5104 hpgemppo·
426 5048 464 5105 η.
478 5054 503 5104 q.
518 5054 530 5089 π
545 5040 668 5106 (siricius
678 5040 768 5107 papa).
926 5036 929 5045 “
977 5039 1025 5090 ‘c
1039 5056 1063 5104 4,
1078 5041 1106 5091 G.
1120 5053 1159 5104 33,
1174 5056 1200 5103 q.
1218 5054 1227 5089 ι
1243 5036 1411 5105 (Hincmar).
