<?xml version="1.0" encoding="UTF-8"?>
<!DOCTYPE html PUBLIC "-//W3C//DTD XHTML 1.0 Transitional//EN"
    "http://www.w3.org/TR/xhtml1/DTD/xhtml1-transitional.dtd">
<html xmlns="http://www.w3.org/1999/xhtml" xml:lang="en" lang="en">
 <head>
  <title>
</title>
<meta http-equiv="Content-Type" content="text/html;charset=utf-8" />
  <meta name='ocr-system' content='tesseract 3.04.00' />
  <meta name='ocr-capabilities' content='ocr_page ocr_carea ocr_par ocr_line ocrx_word'/>
</head>
<body>
  <div class='ocr_page' id='page_1' title='image "./magistrivacarii00librgoog_0026.png"; bbox 0 0 3550 5875; ppageno 0'>
   <div class='ocr_carea' id='block_1_1' title="bbox 281 535 1354 640">
    <p class='ocr_par' dir='ltr' id='par_1_1' title="bbox 281 535 1354 640">
     <span class='ocr_line' id='line_1_1' title="bbox 281 535 1354 640; baseline -0.005 -23"><span class='ocrx_word' id='word_1_1' title='bbox 281 562 322 617; x_wconf 70' lang='lat'><strong>24</strong></span> <span class='ocrx_word' id='word_1_2' title='bbox 456 538 635 640; x_wconf 76' lang='lat' dir='ltr'><strong>Mopi&#39;stii</strong></span> <span class='ocrx_word' id='word_1_3' title='bbox 665 539 819 614; x_wconf 73' lang='lat' dir='ltr'><strong>Voconii</strong></span> <span class='ocrx_word' id='word_1_4' title='bbox 845 540 1000 614; x_wconf 83' lang='lat' dir='ltr'><strong>Summo</strong></span> <span class='ocrx_word' id='word_1_5' title='bbox 1026 537 1071 612; x_wconf 80' lang='lat' dir='ltr'><strong>cle</strong></span> <span class='ocrx_word' id='word_1_6' title='bbox 1098 535 1354 613; x_wconf 68' lang='lat' dir='ltr'><em>Matrimonia.</em></span> 
     </span>
    </p>
   </div>
   <div class='ocr_carea' id='block_1_2' title="bbox 280 758 1537 4837">
    <p class='ocr_par' dir='ltr' id='par_1_2' title="bbox 280 758 1537 4837">
     <span class='ocr_line' id='line_1_2' title="bbox 282 758 1531 846; baseline -0.003 -20"><span class='ocrx_word' id='word_1_7' title='bbox 282 781 356 827; x_wconf 89' lang='lat' dir='ltr'><strong>cum</strong></span> <span class='ocrx_word' id='word_1_8' title='bbox 383 761 464 825; x_wconf 91' lang='lat' dir='ltr'><strong>alibi</strong></span> <span class='ocrx_word' id='word_1_9' title='bbox 489 760 579 827; x_wconf 90' lang='lat' dir='ltr'><strong>dicat</strong></span> <span class='ocrx_word' id='word_1_10' title='bbox 606 761 856 825; x_wconf 83' lang='lat' dir='ltr'><strong>matrimonium</strong></span> <span class='ocrx_word' id='word_1_11' title='bbox 885 782 955 824; x_wconf 87' lang='lat' dir='ltr'><strong>esse</strong></span> <span class='ocrx_word' id='word_1_12' title='bbox 981 759 1165 846; x_wconf 85' lang='lat' dir='ltr'><strong>perlectum</strong></span> <span class='ocrx_word' id='word_1_13' title='bbox 1192 759 1263 825; x_wconf 86' lang='lat' dir='ltr'><strong>sine</strong></span> <span class='ocrx_word' id='word_1_14' title='bbox 1289 758 1468 824; x_wconf 73' lang='lat' dir='ltr'><strong>concubitu</strong></span> <span class='ocrx_word' id='word_1_15' title='bbox 1491 764 1531 822; x_wconf 91' lang='lat' dir='ltr'><strong>ut</strong></span> 
     </span>
     <span class='ocr_line' id='line_1_3' title="bbox 280 859 1531 946; baseline -0.006 -21"><span class='ocrx_word' id='word_1_16' title='bbox 280 882 382 945; x_wconf 83' lang='lat' dir='ltr'><strong>supin.</strong></span> <span class='ocrx_word' id='word_1_17' title='bbox 411 865 580 926; x_wconf 86' lang='lat' dir='ltr'><strong>ostensum</strong></span> <span class='ocrx_word' id='word_1_18' title='bbox 611 871 671 925; x_wconf 89' lang='lat' dir='ltr'><strong>est.</strong></span> <span class='ocrx_word' id='word_1_19' title='bbox 731 861 785 925; x_wconf 86' lang='lat' dir='ltr'><strong>scd</strong></span> <span class='ocrx_word' id='word_1_20' title='bbox 818 861 899 946; x_wconf 87' lang='lat' dir='ltr'><strong>quia</strong></span> <span class='ocrx_word' id='word_1_21' title='bbox 931 859 979 924; x_wconf 89' lang='lat' dir='ltr'><strong>ibi</strong></span> <span class='ocrx_word' id='word_1_22' title='bbox 1012 859 1165 925; x_wconf 85' lang='lat' dir='ltr'><strong>dixerat¹</strong></span> <span class='ocrx_word' id='word_1_23' title='bbox 1198 859 1289 944; x_wconf 89' lang='lat' dir='ltr'><strong>quod</strong></span> <span class='ocrx_word' id='word_1_24' title='bbox 1317 859 1444 922; x_wconf 75' lang='lat' dir='ltr'><strong>tuendas</strong></span> <span class='ocrx_word' id='word_1_25' title='bbox 1471 879 1531 920; x_wconf 86' lang='lat' dir='ltr'><strong>iioii</strong></span> 
     </span>
     <span class='ocr_line' id='line_1_4' title="bbox 281 962 1530 1049; baseline -0.002 -24"><span class='ocrx_word' id='word_1_26' title='bbox 281 971 429 1028; x_wconf 79' lang='lat' dir='ltr'><strong>inuaserat</strong></span> <span class='ocrx_word' id='word_1_27' title='bbox 465 964 598 1045; x_wconf 72' lang='lat' dir='ltr'><strong>coiii&#39;iiyi&#39;a</strong></span> <span class='ocrx_word' id='word_1_28' title='bbox 634 966 805 1045; x_wconf 77' lang='lat' dir='ltr'><strong>appellatio,</strong></span> <span class='ocrx_word' id='word_1_29' title='bbox 834 965 971 1049; x_wconf 72' lang='lat' dir='ltr'><strong>quamuis</strong></span> <span class='ocrx_word' id='word_1_30' title='bbox 993 966 1113 1046; x_wconf 82' lang='lat' dir='ltr'><strong>futuro</strong></span> <span class='ocrx_word' id='word_1_31' title='bbox 1142 985 1200 1026; x_wconf 82' lang='lat' dir='ltr'><strong>nori</strong></span> <span class='ocrx_word' id='word_1_32' title='bbox 1233 969 1306 1025; x_wconf 72' lang='lat' dir='ltr'><strong>ercet</strong></span> <span class='ocrx_word' id='word_1_33' title='bbox 1335 962 1436 1025; x_wconf 81' lang='lat' dir='ltr'><strong>carnis</strong></span> <span class='ocrx_word' id='word_1_34' title='bbox 1467 963 1530 1023; x_wconf 83' lang='lat' dir='ltr'><strong>iillii</strong></span> 
     </span>
     <span class='ocr_line' id='line_1_5' title="bbox 281 1063 1532 1150; baseline -0.002 -24"><span class='ocrx_word' id='word_1_35' title='bbox 281 1065 454 1139; x_wconf 79' lang='lat' dir='ltr'><strong>commistio,</strong></span> <span class='ocrx_word' id='word_1_36' title='bbox 485 1064 616 1129; x_wconf 89' lang='lat' dir='ltr'><strong>credere</strong></span> <span class='ocrx_word' id='word_1_37' title='bbox 647 1073 759 1149; x_wconf 85' lang='lat' dir='ltr'><strong>posset</strong></span> <span class='ocrx_word' id='word_1_38' title='bbox 787 1064 909 1149; x_wconf 88' lang='lat' dir='ltr'><strong>aliquis</strong></span> <span class='ocrx_word' id='word_1_39' title='bbox 939 1064 1027 1150; x_wconf 87' lang='lat' dir='ltr'><strong>quod</strong></span> <span class='ocrx_word' id='word_1_40' title='bbox 1057 1063 1152 1127; x_wconf 90' lang='lat' dir='ltr'><strong>nulla</strong></span> <span class='ocrx_word' id='word_1_41' title='bbox 1184 1064 1313 1128; x_wconf 86' lang='lat' dir='ltr'><strong>ratione</strong></span> <span class='ocrx_word' id='word_1_42' title='bbox 1342 1063 1532 1146; x_wconf 79' lang='lat' dir='ltr'><strong>exigeretur</strong></span> 
     </span>
     <span class='ocr_line' id='line_1_6' title="bbox 281 1161 1531 1248; baseline -0.005 -20"><span class='ocrx_word' id='word_1_43' title='bbox 281 1165 473 1229; x_wconf 82' lang='lat' dir='ltr'><strong>commixtio</strong></span> <span class='ocrx_word' id='word_1_44' title='bbox 499 1164 587 1229; x_wconf 86' lang='lat' dir='ltr'><strong>talis.</strong></span> <span class='ocrx_word' id='word_1_45' title='bbox 647 1164 722 1228; x_wconf 91' lang='lat' dir='ltr'><strong>ideo</strong></span> <span class='ocrx_word' id='word_1_46' title='bbox 748 1163 923 1229; x_wconf 85' lang='lat' dir='ltr'><strong>asserendo</strong></span> <span class='ocrx_word' id='word_1_47' title='bbox 949 1162 1148 1248; x_wconf 87' lang='lat' dir='ltr'><strong>dicitquod</strong></span> <span class='ocrx_word' id='word_1_48' title='bbox 1177 1184 1246 1227; x_wconf 90' lang='lat' dir='ltr'><strong>non</strong></span> <span class='ocrx_word' id='word_1_49' title='bbox 1274 1161 1372 1226; x_wconf 87' lang='lat' dir='ltr'><strong>aliter</strong></span> <span class='ocrx_word' id='word_1_50' title='bbox 1395 1162 1531 1243; x_wconf 77' lang='lat' dir='ltr'><strong>pertinet</strong></span> 
     </span>
     <span class='ocr_line' id='line_1_7' title="bbox 281 1259 1534 1340; baseline -0.002 -13"><span class='ocrx_word' id='word_1_51' title='bbox 281 1264 401 1328; x_wconf 89' lang='lat' dir='ltr'><strong>mulier</strong></span> <span class='ocrx_word' id='word_1_52' title='bbox 430 1265 470 1326; x_wconf 76' lang='lat' dir='ltr'><strong>orl</strong></span> <span class='ocrx_word' id='word_1_53' title='bbox 499 1265 717 1326; x_wconf 68' lang='lat' dir='ltr'><strong>matrimonium</strong></span> <span class='ocrx_word' id='word_1_54' title='bbox 746 1263 811 1327; x_wconf 88' lang='lat' dir='ltr'><strong>nisi</strong></span> <span class='ocrx_word' id='word_1_55' title='bbox 845 1283 945 1327; x_wconf 87' lang='lat' dir='ltr'><strong>sexus</strong></span> <span class='ocrx_word' id='word_1_56' title='bbox 975 1262 1180 1340; x_wconf 89' lang='lat' dir='ltr'><strong>commixtio,</strong></span> <span class='ocrx_word' id='word_1_57' title='bbox 1210 1262 1245 1327; x_wconf 87' lang='lat' dir='ltr'><strong>id</strong></span> <span class='ocrx_word' id='word_1_58' title='bbox 1279 1266 1339 1340; x_wconf 89' lang='lat' dir='ltr'><strong>est,</strong></span> <span class='ocrx_word' id='word_1_59' title='bbox 1368 1259 1534 1327; x_wconf 84' lang='lat' dir='ltr'><strong>miscendi</strong></span> 
     </span>
     <span class='ocr_line' id='line_1_8' title="bbox 281 1361 1530 1447; baseline -0.002 -21"><span class='ocrx_word' id='word_1_60' title='bbox 281 1363 442 1427; x_wconf 87' lang='lat' dir='ltr'><strong>naturalis</strong></span> <span class='ocrx_word' id='word_1_61' title='bbox 471 1368 629 1447; x_wconf 87' lang='lat' dir='ltr'><strong>potestas,</strong></span> <span class='ocrx_word' id='word_1_62' title='bbox 657 1384 733 1429; x_wconf 89' lang='lat' dir='ltr'><strong>curn</strong></span> <span class='ocrx_word' id='word_1_63' title='bbox 759 1384 799 1428; x_wconf 89' lang='lat' dir='ltr'><strong>ea</strong></span> <span class='ocrx_word' id='word_1_64' title='bbox 823 1362 934 1439; x_wconf 83' lang='lat' dir='ltr'><strong>fuerit,</strong></span> <span class='ocrx_word' id='word_1_65' title='bbox 960 1362 1237 1447; x_wconf 78' lang='lat' dir='ltr'><strong>quemadmodum</strong></span> <span class='ocrx_word' id='word_1_66' title='bbox 1266 1361 1327 1428; x_wconf 88' lang='lat' dir='ltr'><strong>illa</strong></span> <span class='ocrx_word' id='word_1_67' title='bbox 1357 1381 1425 1425; x_wconf 91' lang='lat' dir='ltr'><strong>non</strong></span> <span class='ocrx_word' id='word_1_68' title='bbox 1454 1382 1530 1446; x_wconf 90' lang='lat' dir='ltr'><strong>per-</strong></span> 
     </span>
     <span class='ocr_line' id='line_1_9' title="bbox 280 1459 1530 1548; baseline -0.002 -22"><span class='ocrx_word' id='word_1_69' title='bbox 280 1463 367 1527; x_wconf 89' lang='lat' dir='ltr'><strong>tinet</strong></span> <span class='ocrx_word' id='word_1_70' title='bbox 388 1462 431 1527; x_wconf 90' lang='lat' dir='ltr'><strong>ad</strong></span> <span class='ocrx_word' id='word_1_71' title='bbox 455 1467 691 1527; x_wconf 88' lang='lat' dir='ltr'><strong>testamentum</strong></span> <span class='ocrx_word' id='word_1_72' title='bbox 718 1483 880 1548; x_wconf 81' lang='lat' dir='ltr'><strong>numqua</strong></span> <span class='ocrx_word' id='word_1_73' title='bbox 902 1483 969 1526; x_wconf 94' lang='lat' dir='ltr'><strong>non</strong></span> <span class='ocrx_word' id='word_1_74' title='bbox 990 1466 1040 1526; x_wconf 86' lang='lat' dir='ltr'><strong>est</strong></span> <span class='ocrx_word' id='word_1_75' title='bbox 1065 1461 1166 1526; x_wconf 87' lang='lat' dir='ltr'><strong>factio</strong></span> <span class='ocrx_word' id='word_1_76' title='bbox 1186 1461 1387 1534; x_wconf 73' lang='lat' dir='ltr'><strong>testamenti,</strong></span> <span class='ocrx_word' id='word_1_77' title='bbox 1409 1459 1445 1524; x_wconf 92' lang='lat' dir='ltr'><strong>id</strong></span> <span class='ocrx_word' id='word_1_78' title='bbox 1470 1466 1530 1538; x_wconf 85' lang='lat' dir='ltr'><strong>est,</strong></span> 
     </span>
     <span class='ocr_line' id='line_1_10' title="bbox 281 1560 1529 1648; baseline -0.002 -21"><span class='ocrx_word' id='word_1_79' title='bbox 281 1583 358 1627; x_wconf 90' lang='lat' dir='ltr'><strong>cum</strong></span> <span class='ocrx_word' id='word_1_80' title='bbox 373 1584 439 1647; x_wconf 91' lang='lat' dir='ltr'><strong>qua</strong></span> <span class='ocrx_word' id='word_1_81' title='bbox 454 1561 494 1627; x_wconf 92' lang='lat' dir='ltr'><strong>de</strong></span> <span class='ocrx_word' id='word_1_82' title='bbox 510 1562 582 1627; x_wconf 90' lang='lat' dir='ltr'><strong>iure</strong></span> <span class='ocrx_word' id='word_1_83' title='bbox 598 1583 664 1626; x_wconf 90' lang='lat' dir='ltr'><strong>non</strong></span> <span class='ocrx_word' id='word_1_84' title='bbox 681 1569 792 1648; x_wconf 86' lang='lat' dir='ltr'><strong>potest</strong></span> <span class='ocrx_word' id='word_1_85' title='bbox 806 1562 876 1626; x_wconf 89' lang='lat' dir='ltr'><strong>fieri</strong></span> <span class='ocrx_word' id='word_1_86' title='bbox 893 1567 1139 1627; x_wconf 85' lang='lat' dir='ltr'><strong>testamentum.</strong></span> <span class='ocrx_word' id='word_1_87' title='bbox 1183 1582 1260 1647; x_wconf 81' lang='lat' dir='ltr'><strong>ergo</strong></span> <span class='ocrx_word' id='word_1_88' title='bbox 1278 1562 1365 1625; x_wconf 90' lang='lat' dir='ltr'><strong>sicut</strong></span> <span class='ocrx_word' id='word_1_89' title='bbox 1379 1560 1439 1625; x_wconf 84' lang='lat' dir='ltr'><strong>illa</strong></span> <span class='ocrx_word' id='word_1_90' title='bbox 1454 1582 1529 1625; x_wconf 90' lang='lat' dir='ltr'><strong>cum</strong></span> 
     </span>
     <span class='ocr_line' id='line_1_11' title="bbox 281 1660 1528 1747; baseline -0.001 -22"><span class='ocrx_word' id='word_1_91' title='bbox 281 1683 349 1747; x_wconf 88' lang='lat' dir='ltr'><strong>qua</strong></span> <span class='ocrx_word' id='word_1_92' title='bbox 364 1683 432 1727; x_wconf 91' lang='lat' dir='ltr'><strong>non</strong></span> <span class='ocrx_word' id='word_1_93' title='bbox 447 1667 497 1725; x_wconf 90' lang='lat' dir='ltr'><strong>est</strong></span> <span class='ocrx_word' id='word_1_94' title='bbox 513 1661 614 1726; x_wconf 86' lang='lat' dir='ltr'><strong>factio</strong></span> <span class='ocrx_word' id='word_1_95' title='bbox 630 1661 831 1740; x_wconf 78' lang='lat' dir='ltr'><strong>testamenti,</strong></span> <span class='ocrx_word' id='word_1_96' title='bbox 846 1666 881 1726; x_wconf 87' lang='lat' dir='ltr'><strong>st</strong></span> <span class='ocrx_word' id='word_1_97' title='bbox 896 1660 924 1725; x_wconf 87' lang='lat' dir='ltr'><strong>si</strong></span> <span class='ocrx_word' id='word_1_98' title='bbox 940 1661 977 1724; x_wconf 90' lang='lat' dir='ltr'><strong>in</strong></span> <span class='ocrx_word' id='word_1_99' title='bbox 995 1666 1196 1725; x_wconf 84' lang='lat' dir='ltr'><strong>testamento</strong></span> <span class='ocrx_word' id='word_1_100' title='bbox 1211 1661 1305 1725; x_wconf 86' lang='lat' dir='ltr'><strong>heres</strong></span> <span class='ocrx_word' id='word_1_101' title='bbox 1320 1660 1528 1736; x_wconf 88' lang='lat' dir='ltr'><strong>instituatur,</strong></span> 
     </span>
     <span class='ocr_line' id='line_1_12' title="bbox 280 1759 1529 1847; baseline -0.001 -22"><span class='ocrx_word' id='word_1_102' title='bbox 280 1782 349 1826; x_wconf 91' lang='lat' dir='ltr'><strong>non</strong></span> <span class='ocrx_word' id='word_1_103' title='bbox 373 1761 519 1847; x_wconf 84' lang='lat' dir='ltr'><strong>pertinet</strong></span> <span class='ocrx_word' id='word_1_104' title='bbox 544 1761 586 1825; x_wconf 88' lang='lat' dir='ltr'><strong>ad</strong></span> <span class='ocrx_word' id='word_1_105' title='bbox 611 1767 860 1840; x_wconf 88' lang='lat' dir='ltr'><strong>testamentum,</strong></span> <span class='ocrx_word' id='word_1_106' title='bbox 884 1762 989 1826; x_wconf 89' lang='lat' dir='ltr'><strong>itaet</strong></span> <span class='ocrx_word' id='word_1_107' title='bbox 1012 1759 1072 1826; x_wconf 88' lang='lat' dir='ltr'><strong>illa</strong></span> <span class='ocrx_word' id='word_1_108' title='bbox 1097 1781 1172 1824; x_wconf 89' lang='lat' dir='ltr'><strong>cum</strong></span> <span class='ocrx_word' id='word_1_109' title='bbox 1195 1781 1263 1846; x_wconf 90' lang='lat' dir='ltr'><strong>qna</strong></span> <span class='ocrx_word' id='word_1_110' title='bbox 1286 1781 1355 1825; x_wconf 91' lang='lat' dir='ltr'><strong>non</strong></span> <span class='ocrx_word' id='word_1_111' title='bbox 1380 1765 1431 1825; x_wconf 90' lang='lat' dir='ltr'><strong>est</strong></span> <span class='ocrx_word' id='word_1_112' title='bbox 1456 1760 1529 1824; x_wconf 90' lang='lat' dir='ltr'><strong>uiro</strong></span> 
     </span>
     <span class='ocr_line' id='line_1_13' title="bbox 281 1858 1530 1944; baseline -0.001 -19"><span class='ocrx_word' id='word_1_113' title='bbox 281 1860 475 1925; x_wconf 89' lang='lat' dir='ltr'><strong>commixtio</strong></span> <span class='ocrx_word' id='word_1_114' title='bbox 491 1881 600 1939; x_wconf 87' lang='lat' dir='ltr'><strong>sexus,</strong></span> <span class='ocrx_word' id='word_1_115' title='bbox 615 1859 644 1924; x_wconf 89' lang='lat' dir='ltr'><strong>si</strong></span> <span class='ocrx_word' id='word_1_116' title='bbox 659 1860 703 1925; x_wconf 91' lang='lat' dir='ltr'><strong>ab</strong></span> <span class='ocrx_word' id='word_1_117' title='bbox 713 1882 751 1925; x_wconf 88' lang='lat' dir='ltr'><strong>eo</strong></span> <span class='ocrx_word' id='word_1_118' title='bbox 767 1858 909 1925; x_wconf 89' lang='lat' dir='ltr'><strong>ducatur</strong></span> <span class='ocrx_word' id='word_1_119' title='bbox 928 1860 965 1925; x_wconf 93' lang='lat' dir='ltr'><strong>in</strong></span> <span class='ocrx_word' id='word_1_120' title='bbox 987 1882 1132 1939; x_wconf 82' lang='lat' dir='ltr'><strong>uxorem,</strong></span> <span class='ocrx_word' id='word_1_121' title='bbox 1147 1858 1190 1924; x_wconf 90' lang='lat' dir='ltr'><strong>ad</strong></span> <span class='ocrx_word' id='word_1_122' title='bbox 1212 1860 1282 1924; x_wconf 87' lang='lat' dir='ltr'><strong>eius</strong></span> <span class='ocrx_word' id='word_1_123' title='bbox 1300 1881 1368 1925; x_wconf 93' lang='lat' dir='ltr'><strong>non</strong></span> <span class='ocrx_word' id='word_1_124' title='bbox 1388 1858 1530 1944; x_wconf 84' lang='lat' dir='ltr'><strong>pertinet</strong></span> 
     </span>
     <span class='ocr_line' id='line_1_14' title="bbox 281 1958 1531 2044; baseline 0 -21"><span class='ocrx_word' id='word_1_125' title='bbox 281 1959 532 2025; x_wconf 82' lang='lat' dir='ltr'><strong>matrimonium</strong></span> <span class='ocrx_word' id='word_1_126' title='bbox 555 1960 609 2024; x_wconf 88' lang='lat' dir='ltr'><strong>uel</strong></span> <span class='ocrx_word' id='word_1_127' title='bbox 633 1959 675 2024; x_wconf 88' lang='lat' dir='ltr'><strong>ad</strong></span> <span class='ocrx_word' id='word_1_128' title='bbox 698 1959 848 2044; x_wconf 87' lang='lat' dir='ltr'><strong>nuptiale</strong></span> <span class='ocrx_word' id='word_1_129' title='bbox 870 1959 1066 2025; x_wconf 85' lang='lat' dir='ltr'><strong>misterium.</strong></span> <span class='ocrx_word' id='word_1_130' title='bbox 1110 1958 1148 2023; x_wconf 90' lang='lat' dir='ltr'><strong>Si</strong></span> <span class='ocrx_word' id='word_1_131' title='bbox 1166 1967 1278 2024; x_wconf 88' lang='lat' dir='ltr'><strong>autem</strong></span> <span class='ocrx_word' id='word_1_132' title='bbox 1297 1960 1386 2024; x_wconf 87' lang='lat' dir='ltr'><strong>inter</strong></span> <span class='ocrx_word' id='word_1_133' title='bbox 1407 1980 1462 2024; x_wconf 88' lang='lat' dir='ltr'><strong>eos</strong></span> <span class='ocrx_word' id='word_1_134' title='bbox 1485 1959 1531 2023; x_wconf 91' lang='lat' dir='ltr'><strong>sit</strong></span> 
     </span>
     <span class='ocr_line' id='line_1_15' title="bbox 282 2057 1531 2145; baseline -0.002 -22"><span class='ocrx_word' id='word_1_135' title='bbox 282 2058 424 2124; x_wconf 87' lang='lat' dir='ltr'><strong>carnalis</strong></span> <span class='ocrx_word' id='word_1_136' title='bbox 447 2059 650 2140; x_wconf 79' lang='lat' dir='ltr'><strong>commixtio,</strong></span> <span class='ocrx_word' id='word_1_137' title='bbox 667 2059 822 2145; x_wconf 86' lang='lat' dir='ltr'><strong>quamuis</strong></span> <span class='ocrx_word' id='word_1_138' title='bbox 839 2059 988 2124; x_wconf 89' lang='lat' dir='ltr'><strong>nondum</strong></span> <span class='ocrx_word' id='word_1_139' title='bbox 1011 2057 1053 2124; x_wconf 92' lang='lat' dir='ltr'><strong>ad</strong></span> <span class='ocrx_word' id='word_1_140' title='bbox 1074 2066 1185 2124; x_wconf 91' lang='lat' dir='ltr'><strong>actum</strong></span> <span class='ocrx_word' id='word_1_141' title='bbox 1206 2058 1377 2144; x_wconf 87' lang='lat' dir='ltr'><strong>prodierit,</strong></span> <span class='ocrx_word' id='word_1_142' title='bbox 1393 2065 1428 2123; x_wconf 89' lang='lat' dir='ltr'><strong>et</strong></span> <span class='ocrx_word' id='word_1_143' title='bbox 1441 2059 1531 2123; x_wconf 88' lang='lat' dir='ltr'><strong>inter</strong></span> 
     </span>
     <span class='ocr_line' id='line_1_16' title="bbox 280 2157 1528 2245; baseline -0.001 -23"><span class='ocrx_word' id='word_1_144' title='bbox 280 2158 406 2245; x_wconf 86' lang='lat' dir='ltr'><strong>primos</strong></span> <span class='ocrx_word' id='word_1_145' title='bbox 427 2157 602 2243; x_wconf 84' lang='lat' dir='ltr'><strong>amplexus</strong></span> <span class='ocrx_word' id='word_1_146' title='bbox 625 2159 697 2223; x_wconf 88' lang='lat' dir='ltr'><strong>uiro</strong></span> <span class='ocrx_word' id='word_1_147' title='bbox 721 2158 848 2224; x_wconf 89' lang='lat' dir='ltr'><strong>diceret</strong></span> <span class='ocrx_word' id='word_1_148' title='bbox 870 2158 1099 2245; x_wconf 84' lang='lat' dir='ltr'><strong>Augustinus:</strong></span> <span class='ocrx_word' id='word_1_149' title='bbox 1133 2157 1231 2223; x_wconf 90' lang='lat' dir='ltr'><strong>‘Noli</strong></span> <span class='ocrx_word' id='word_1_150' title='bbox 1257 2158 1359 2224; x_wconf 83' lang='lat' dir='ltr'><strong>frater</strong></span> <span class='ocrx_word' id='word_1_151' title='bbox 1385 2160 1528 2222; x_wconf 86' lang='lat' dir='ltr'><strong>siccam</strong></span> 
     </span>
     <span class='ocr_line' id='line_1_17' title="bbox 282 2256 1529 2344; baseline 0 -22"><span class='ocrx_word' id='word_1_152' title='bbox 282 2262 432 2334; x_wconf 86' lang='lat' dir='ltr'><strong>tractare,</strong></span> <span class='ocrx_word' id='word_1_153' title='bbox 456 2256 536 2343; x_wconf 88' lang='lat' dir='ltr'><strong>quia</strong></span> <span class='ocrx_word' id='word_1_154' title='bbox 564 2257 713 2323; x_wconf 90' lang='lat' dir='ltr'><strong>nondum</strong></span> <span class='ocrx_word' id='word_1_155' title='bbox 743 2257 787 2323; x_wconf 86' lang='lat' dir='ltr'><strong>ad</strong></span> <span class='ocrx_word' id='word_1_156' title='bbox 811 2264 910 2323; x_wconf 90' lang='lat' dir='ltr'><strong>tuum</strong></span> <span class='ocrx_word' id='word_1_157' title='bbox 936 2258 1083 2344; x_wconf 82' lang='lat' dir='ltr'><strong>pertinet</strong></span> <span class='ocrx_word' id='word_1_158' title='bbox 1106 2256 1529 2335; x_wconf 86' lang='lat' dir='ltr'><strong>matrimonium,’-nonne</strong></span> 
     </span>
     <span class='ocr_line' id='line_1_18' title="bbox 280 2356 1530 2444; baseline 0.001 -23"><span class='ocrx_word' id='word_1_159' title='bbox 280 2357 337 2422; x_wconf 90' lang='lat' dir='ltr'><strong>ille</strong></span> <span class='ocrx_word' id='word_1_160' title='bbox 361 2363 449 2423; x_wconf 87' lang='lat' dir='ltr'><strong>recte</strong></span> <span class='ocrx_word' id='word_1_161' title='bbox 474 2356 702 2443; x_wconf 84' lang='lat' dir='ltr'><strong>responderet:</strong></span> <span class='ocrx_word' id='word_1_162' title='bbox 733 2357 941 2423; x_wconf 87' lang='lat' dir='ltr'><strong>‘Inciuiliter</strong></span> <span class='ocrx_word' id='word_1_163' title='bbox 965 2356 1109 2443; x_wconf 87' lang='lat' dir='ltr'><strong>loqueris</strong></span> <span class='ocrx_word' id='word_1_164' title='bbox 1134 2358 1332 2444; x_wconf 81' lang='lat' dir='ltr'><strong>Augustino,</strong></span> <span class='ocrx_word' id='word_1_165' title='bbox 1354 2379 1430 2422; x_wconf 90' lang='lat' dir='ltr'><strong>cum</strong></span> <span class='ocrx_word' id='word_1_166' title='bbox 1455 2379 1530 2422; x_wconf 87' lang='lat' dir='ltr'><strong>mea</strong></span> 
     </span>
     <span class='ocr_line' id='line_1_19' title="bbox 281 2455 1529 2543; baseline -0.002 -22"><span class='ocrx_word' id='word_1_167' title='bbox 281 2457 326 2521; x_wconf 85' lang='lat' dir='ltr'><strong>sit</strong></span> <span class='ocrx_word' id='word_1_168' title='bbox 352 2478 437 2521; x_wconf 86' lang='lat' dir='ltr'><strong>uxor</strong></span> <span class='ocrx_word' id='word_1_169' title='bbox 459 2457 503 2521; x_wconf 88' lang='lat' dir='ltr'><strong>ad</strong></span> <span class='ocrx_word' id='word_1_170' title='bbox 528 2457 591 2522; x_wconf 91' lang='lat' dir='ltr'><strong>hoc</strong></span> <span class='ocrx_word' id='word_1_171' title='bbox 617 2456 744 2523; x_wconf 87' lang='lat' dir='ltr'><strong>tradita</strong></span> <span class='ocrx_word' id='word_1_172' title='bbox 770 2456 861 2536; x_wconf 89' lang='lat' dir='ltr'><strong>mihi,</strong></span> <span class='ocrx_word' id='word_1_173' title='bbox 887 2463 927 2521; x_wconf 91' lang='lat' dir='ltr'><strong>ut</strong></span> <span class='ocrx_word' id='word_1_174' title='bbox 954 2457 1093 2521; x_wconf 89' lang='lat' dir='ltr'><strong>eandem</strong></span> <span class='ocrx_word' id='word_1_175' title='bbox 1120 2455 1260 2521; x_wconf 88' lang='lat' dir='ltr'><strong>habeam</strong></span> <span class='ocrx_word' id='word_1_176' title='bbox 1286 2456 1529 2543; x_wconf 87' lang='lat' dir='ltr'><strong>plenitudinem</strong></span> 
     </span>
     <span class='ocr_line' id='line_1_20' title="bbox 281 2552 1530 2644; baseline -0.002 -24"><span class='ocrx_word' id='word_1_177' title='bbox 281 2556 459 2642; x_wconf 87' lang='lat' dir='ltr'><strong>potestatis</strong></span> <span class='ocrx_word' id='word_1_178' title='bbox 482 2561 552 2620; x_wconf 89' lang='lat' dir='ltr'><strong>tam</strong></span> <span class='ocrx_word' id='word_1_179' title='bbox 579 2557 614 2619; x_wconf 90' lang='lat' dir='ltr'><strong>in</strong></span> <span class='ocrx_word' id='word_1_180' title='bbox 641 2556 748 2641; x_wconf 88' lang='lat' dir='ltr'><strong>primo</strong></span> <span class='ocrx_word' id='word_1_181' title='bbox 770 2578 871 2642; x_wconf 92' lang='lat' dir='ltr'><strong>quam</strong></span> <span class='ocrx_word' id='word_1_182' title='bbox 893 2558 929 2620; x_wconf 94' lang='lat' dir='ltr'><strong>in</strong></span> <span class='ocrx_word' id='word_1_183' title='bbox 952 2556 1071 2620; x_wconf 89' lang='lat' dir='ltr'><strong>ultimo</strong></span> <span class='ocrx_word' id='word_1_184' title='bbox 1093 2555 1269 2642; x_wconf 66' lang='lat' dir='ltr'><strong>amplexu!</strong></span> <span class='ocrx_word' id='word_1_185' title='bbox 1317 2552 1350 2644; x_wconf 69' lang='lat' dir='ltr'><strong>[t</strong></span> <span class='ocrx_word' id='word_1_186' title='bbox 1375 2552 1441 2644; x_wconf 71' lang='lat' dir='ltr'><strong>aa]</strong></span> <span class='ocrx_word' id='word_1_187' title='bbox 1465 2556 1530 2619; x_wconf 90' lang='lat' dir='ltr'><strong>His</strong></span> 
     </span>
     <span class='ocr_line' id='line_1_21' title="bbox 281 2654 1529 2741; baseline 0.002 -23"><span class='ocrx_word' id='word_1_188' title='bbox 281 2661 393 2719; x_wconf 88' lang='lat' dir='ltr'><strong>autem</strong></span> <span class='ocrx_word' id='word_1_189' title='bbox 406 2655 611 2740; x_wconf 86' lang='lat' dir='ltr'><strong>apertissime</strong></span> <span class='ocrx_word' id='word_1_190' title='bbox 620 2655 818 2720; x_wconf 88' lang='lat' dir='ltr'><strong>aduersatur</strong></span> <span class='ocrx_word' id='word_1_191' title='bbox 828 2656 1008 2720; x_wconf 86' lang='lat' dir='ltr'><strong>auctoritas</strong></span> <span class='ocrx_word' id='word_1_192' title='bbox 1020 2654 1192 2721; x_wconf 87' lang='lat' dir='ltr'><strong>cuiusdam</strong></span> <span class='ocrx_word' id='word_1_193' title='bbox 1205 2655 1379 2721; x_wconf 87' lang='lat' dir='ltr'><strong>decretalis</strong></span> <span class='ocrx_word' id='word_1_194' title='bbox 1391 2654 1529 2741; x_wconf 89' lang='lat' dir='ltr'><strong>epistola</strong></span> 
     </span>
     <span class='ocr_line' id='line_1_22' title="bbox 281 2754 1529 2840; baseline 0.002 -23"><span class='ocrx_word' id='word_1_195' title='bbox 281 2774 346 2840; x_wconf 92' lang='lat' dir='ltr'><strong>que</strong></span> <span class='ocrx_word' id='word_1_196' title='bbox 365 2754 413 2820; x_wconf 91' lang='lat' dir='ltr'><strong>sic</strong></span> <span class='ocrx_word' id='word_1_197' title='bbox 426 2754 585 2840; x_wconf 76' lang='lat' dir='ltr'><strong>incipit2:</strong></span> <span class='ocrx_word' id='word_1_198' title='bbox 608 2754 672 2817; x_wconf 77' lang='lat' dir='ltr'><strong>lea</strong></span> <span class='ocrx_word' id='word_1_199' title='bbox 686 2755 791 2820; x_wconf 78' lang='lat' dir='ltr'><strong>(liiiiiia</strong></span> <span class='ocrx_word' id='word_1_200' title='bbox 805 2755 1027 2818; x_wconf 75' lang='lat' dir='ltr'><strong>constitutionis</strong></span> <span class='ocrx_word' id='word_1_201' title='bbox 1042 2759 1109 2830; x_wconf 79' lang='lat' dir='ltr'><strong>eta,</strong></span> <span class='ocrx_word' id='word_1_202' title='bbox 1121 2754 1215 2820; x_wconf 88' lang='lat' dir='ltr'><strong>cuius</strong></span> <span class='ocrx_word' id='word_1_203' title='bbox 1230 2754 1300 2819; x_wconf 88' lang='lat' dir='ltr'><strong>sola</strong></span> <span class='ocrx_word' id='word_1_204' title='bbox 1313 2754 1529 2819; x_wconf 88' lang='lat' dir='ltr'><strong>aduersancia</strong></span> 
     </span>
     <span class='ocr_line' id='line_1_23' title="bbox 281 2852 1529 2935; baseline -0.001 -18"><span class='ocrx_word' id='word_1_205' title='bbox 281 2854 385 2919; x_wconf 87' lang='lat' dir='ltr'><strong>uerba</strong></span> <span class='ocrx_word' id='word_1_206' title='bbox 407 2853 461 2919; x_wconf 90' lang='lat' dir='ltr'><strong>hic</strong></span> <span class='ocrx_word' id='word_1_207' title='bbox 487 2853 621 2931; x_wconf 89' lang='lat' dir='ltr'><strong>inserui,</strong></span> <span class='ocrx_word' id='word_1_208' title='bbox 645 2854 705 2920; x_wconf 90' lang='lat' dir='ltr'><strong>heo</strong></span> <span class='ocrx_word' id='word_1_209' title='bbox 731 2852 907 2921; x_wconf 87' lang='lat' dir='ltr'><strong>uidelicet:</strong></span> <span class='ocrx_word' id='word_1_210' title='bbox 939 2853 1191 2935; x_wconf 78' lang='lat' dir='ltr'><strong>Protloplaiiiliii</strong></span> <span class='ocrx_word' id='word_1_211' title='bbox 1216 2853 1268 2918; x_wconf 79' lang='lat' dir='ltr'><strong>itti</strong></span> <span class='ocrx_word' id='word_1_212' title='bbox 1289 2855 1381 2917; x_wconf 75' lang='lat' dir='ltr'><strong>ritis</strong></span> <span class='ocrx_word' id='word_1_213' title='bbox 1402 2861 1431 2919; x_wconf 79' lang='lat' dir='ltr'><strong>et</strong></span> <span class='ocrx_word' id='word_1_214' title='bbox 1449 2856 1529 2935; x_wconf 70' lang='lat' dir='ltr'><strong>oripo</strong></span> 
     </span>
     <span class='ocr_line' id='line_1_24' title="bbox 281 2955 1537 3037; baseline 0.001 -20"><span class='ocrx_word' id='word_1_215' title='bbox 281 2961 383 3018; x_wconf 78' lang='lat' dir='ltr'><strong>nostra</strong></span> <span class='ocrx_word' id='word_1_216' title='bbox 406 2956 568 3019; x_wconf 78' lang='lat' dir='ltr'><strong>detractorii</strong></span> <span class='ocrx_word' id='word_1_217' title='bbox 594 2956 651 3018; x_wconf 80' lang='lat' dir='ltr'><strong>cibi</strong></span> <span class='ocrx_word' id='word_1_218' title='bbox 679 2961 788 3019; x_wconf 80' lang='lat' dir='ltr'><strong>coslam</strong></span> <span class='ocrx_word' id='word_1_219' title='bbox 817 2956 922 3019; x_wconf 81' lang='lat' dir='ltr'><strong>iiideiii</strong></span> <span class='ocrx_word' id='word_1_220' title='bbox 946 2956 978 3018; x_wconf 86' lang='lat' dir='ltr'><strong>iii</strong></span> <span class='ocrx_word' id='word_1_221' title='bbox 1005 2955 1154 3019; x_wconf 81' lang='lat' dir='ltr'><strong>iiiiiliererii</strong></span> <span class='ocrx_word' id='word_1_222' title='bbox 1168 2957 1339 3037; x_wconf 65' lang='lat' dir='ltr'><strong>samolum</strong></span> <span class='ocrx_word' id='word_1_223' title='bbox 1361 2956 1537 3037; x_wconf 73' lang='lat' dir='ltr'><strong>prqilctico</strong></span> 
     </span>
     <span class='ocr_line' id='line_1_25' title="bbox 280 3054 1530 3140; baseline 0 -22"><span class='ocrx_word' id='word_1_224' title='bbox 280 3055 393 3137; x_wconf 72' lang='lat' dir='ltr'><strong>spirito</strong></span> <span class='ocrx_word' id='word_1_225' title='bbox 408 3056 487 3118; x_wconf 84' lang='lat' dir='ltr'><strong>inter</strong></span> <span class='ocrx_word' id='word_1_226' title='bbox 500 3055 564 3117; x_wconf 85' lang='lat' dir='ltr'><strong>olio</strong></span> <span class='ocrx_word' id='word_1_227' title='bbox 573 3055 726 3135; x_wconf 68' lang='lat' dir='ltr'><strong>protulit.-</strong></span> <span class='ocrx_word' id='word_1_228' title='bbox 748 3054 896 3137; x_wconf 78' lang='lat' dir='ltr'><strong>‘Propter</strong></span> <span class='ocrx_word' id='word_1_229' title='bbox 910 3054 964 3118; x_wconf 84' lang='lat' dir='ltr'><strong>loo</strong></span> <span class='ocrx_word' id='word_1_230' title='bbox 978 3054 1126 3140; x_wconf 82' lang='lat' dir='ltr'><strong>relinquat</strong></span> <span class='ocrx_word' id='word_1_231' title='bbox 1140 3055 1223 3119; x_wconf 85' lang='lat' dir='ltr'><strong>loino</strong></span> <span class='ocrx_word' id='word_1_232' title='bbox 1234 3061 1393 3136; x_wconf 70' lang='lat' dir='ltr'><strong>palairaci</strong></span> <span class='ocrx_word' id='word_1_233' title='bbox 1408 3063 1530 3118; x_wconf 80' lang='lat' dir='ltr'><strong>mutreio</strong></span> 
     </span>
     <span class='ocr_line' id='line_1_26' title="bbox 281 3152 1529 3239; baseline -0.002 -19"><span class='ocrx_word' id='word_1_234' title='bbox 281 3161 310 3220; x_wconf 83' lang='lat' dir='ltr'><strong>et</strong></span> <span class='ocrx_word' id='word_1_235' title='bbox 330 3155 482 3220; x_wconf 79' lang='lat' dir='ltr'><strong>adherebit</strong></span> <span class='ocrx_word' id='word_1_236' title='bbox 502 3155 590 3218; x_wconf 75' lang='lat' dir='ltr'><strong>uxori</strong></span> <span class='ocrx_word' id='word_1_237' title='bbox 611 3152 699 3220; x_wconf 79' lang='lat' dir='ltr'><strong>atc’:</strong></span> <span class='ocrx_word' id='word_1_238' title='bbox 724 3156 831 3239; x_wconf 81' lang='lat' dir='ltr'><strong>quibui</strong></span> <span class='ocrx_word' id='word_1_239' title='bbox 852 3155 953 3219; x_wconf 82' lang='lat' dir='ltr'><strong>iierbia</strong></span> <span class='ocrx_word' id='word_1_240' title='bbox 975 3155 1100 3218; x_wconf 81' lang='lat' dir='ltr'><strong>inanit³</strong></span> <span class='ocrx_word' id='word_1_241' title='bbox 1115 3177 1173 3218; x_wconf 88' lang='lat' dir='ltr'><strong>iioii</strong></span> <span class='ocrx_word' id='word_1_242' title='bbox 1190 3157 1282 3218; x_wconf 82' lang='lat' dir='ltr'><strong>aliter</strong></span> <span class='ocrx_word' id='word_1_243' title='bbox 1301 3156 1529 3219; x_wconf 67' lang='lat' dir='ltr'><strong>atramitica</strong></span> 
     </span>
     <span class='ocr_line' id='line_1_27' title="bbox 281 3254 1530 3341; baseline 0 -23"><span class='ocrx_word' id='word_1_244' title='bbox 281 3254 455 3319; x_wconf 52' lang='grc' dir='ltr'><strong>νηπίω-θη*</strong></span> <span class='ocrx_word' id='word_1_245' title='bbox 473 3255 534 3317; x_wconf 79' lang='lat' dir='ltr'><strong>iiiii</strong></span> <span class='ocrx_word' id='word_1_246' title='bbox 550 3256 668 3318; x_wconf 84' lang='lat' dir='ltr'><strong>carnali</strong></span> <span class='ocrx_word' id='word_1_247' title='bbox 681 3255 785 3336; x_wconf 81' lang='lat' dir='ltr'><strong>copula</strong></span> <span class='ocrx_word' id='word_1_248' title='bbox 801 3255 859 3318; x_wconf 82' lang='lat' dir='ltr'><strong>cibi</strong></span> <span class='ocrx_word' id='word_1_249' title='bbox 872 3255 1036 3322; x_wconf 71' lang='lat' dir='ltr'><strong>colmanni.</strong></span> <span class='ocrx_word' id='word_1_250' title='bbox 1073 3257 1126 3340; x_wconf 85' lang='lat' dir='ltr'><strong>qiii&#39;</strong></span> <span class='ocrx_word' id='word_1_251' title='bbox 1140 3277 1207 3336; x_wconf 73' lang='lat' dir='ltr'><strong>arpo</strong></span> <span class='ocrx_word' id='word_1_252' title='bbox 1222 3278 1404 3341; x_wconf 81' lang='lat' dir='ltr'><strong>aeqiioqiiom</strong></span> <span class='ocrx_word' id='word_1_253' title='bbox 1419 3257 1530 3319; x_wconf 69' lang='lat' dir='ltr'><strong>nialus</strong></span> 
     </span>
     <span class='ocr_line' id='line_1_28' title="bbox 281 3354 1529 3438; baseline -0.001 -20"><span class='ocrx_word' id='word_1_254' title='bbox 281 3360 325 3418; x_wconf 84' lang='lat' dir='ltr'><strong>ast</strong></span> <span class='ocrx_word' id='word_1_255' title='bbox 340 3355 458 3418; x_wconf 72' lang='lat' dir='ltr'><strong>mittat</strong></span> <span class='ocrx_word' id='word_1_256' title='bbox 468 3354 481 3392; x_wconf 77' lang='lat'><strong><em>⁶</em></strong></span> <span class='ocrx_word' id='word_1_257' title='bbox 492 3355 602 3438; x_wconf 80' lang='lat' dir='ltr'><strong>sidera</strong></span> <span class='ocrx_word' id='word_1_258' title='bbox 616 3354 756 3436; x_wconf 80' lang='lat' dir='ltr'><strong>nuptiali,</strong></span> <span class='ocrx_word' id='word_1_259' title='bbox 774 3376 831 3437; x_wconf 83' lang='lat' dir='ltr'><strong>qno</strong></span> <span class='ocrx_word' id='word_1_260' title='bbox 845 3361 938 3436; x_wconf 82' lang='lat' dir='ltr'><strong>pacto</strong></span> <span class='ocrx_word' id='word_1_261' title='bbox 954 3376 1013 3435; x_wconf 75' lang='lat' dir='ltr'><strong>per</strong></span> <span class='ocrx_word' id='word_1_262' title='bbox 1027 3355 1108 3417; x_wconf 80' lang='lat' dir='ltr'><strong>nodo</strong></span> <span class='ocrx_word' id='word_1_263' title='bbox 1121 3356 1290 3435; x_wconf 78' lang='lat' dir='ltr'><strong>iporiaionia</strong></span> <span class='ocrx_word' id='word_1_264' title='bbox 1306 3355 1393 3418; x_wconf 80' lang='lat' dir='ltr'><strong>iiarla</strong></span> <span class='ocrx_word' id='word_1_265' title='bbox 1401 3362 1529 3436; x_wconf 79' lang='lat' dir='ltr'><strong>possunt</strong></span> 
     </span>
     <span class='ocr_line' id='line_1_29' title="bbox 281 3454 1531 3540; baseline 0.003 -25"><span class='ocrx_word' id='word_1_266' title='bbox 281 3476 341 3516; x_wconf 81' lang='lat' dir='ltr'><strong>iiiia</strong></span> <span class='ocrx_word' id='word_1_267' title='bbox 363 3476 432 3517; x_wconf 83' lang='lat' dir='ltr'><strong>coro</strong></span> <span class='ocrx_word' id='word_1_268' title='bbox 443 3455 519 3537; x_wconf 83' lang='lat' dir='ltr'><strong>fieri</strong></span> <span class='ocrx_word' id='word_1_269' title='bbox 538 3455 711 3517; x_wconf 67' lang='lat' dir='ltr'><strong>titillatorios</strong></span> <span class='ocrx_word' id='word_1_270' title='bbox 731 3455 864 3517; x_wconf 79' lang='lat' dir='ltr'><strong>nolemus</strong></span> <span class='ocrx_word' id='word_1_271' title='bbox 886 3454 1009 3520; x_wconf 81' lang='lat' dir='ltr'><strong>intueri.</strong></span> <span class='ocrx_word' id='word_1_272' title='bbox 1050 3457 1260 3540; x_wconf 75' lang='lat' dir='ltr'><strong>propinquitas</strong></span> <span class='ocrx_word' id='word_1_273' title='bbox 1277 3456 1355 3520; x_wconf 82' lang='lat' dir='ltr'><strong>enim</strong></span> <span class='ocrx_word' id='word_1_274' title='bbox 1376 3456 1531 3536; x_wconf 77' lang='lat' dir='ltr'><strong>sonpiiiiii&#39;i</strong></span> 
     </span>
     <span class='ocr_line' id='line_1_30' title="bbox 281 3553 1528 3639; baseline 0.001 -23"><span class='ocrx_word' id='word_1_275' title='bbox 281 3554 378 3617; x_wconf 66' lang='lat' dir='ltr'><strong>icitia</strong></span> <span class='ocrx_word' id='word_1_276' title='bbox 393 3554 507 3616; x_wconf 82' lang='lat' dir='ltr'><strong>dicitnr</strong></span> <span class='ocrx_word' id='word_1_277' title='bbox 521 3576 580 3616; x_wconf 84' lang='lat' dir='ltr'><strong>iioii</strong></span> <span class='ocrx_word' id='word_1_278' title='bbox 595 3555 692 3616; x_wconf 76' lang='lat' dir='ltr'><strong>nerlii</strong></span> <span class='ocrx_word' id='word_1_279' title='bbox 713 3553 846 3638; x_wconf 71' lang='lat' dir='ltr'><strong>efficitur.</strong></span> <span class='ocrx_word' id='word_1_280' title='bbox 892 3554 946 3616; x_wconf 80' lang='lat' dir='ltr'><strong>sed</strong></span> <span class='ocrx_word' id='word_1_281' title='bbox 965 3574 1056 3639; x_wconf 81' lang='lat' dir='ltr'><strong>ireque</strong></span> <span class='ocrx_word' id='word_1_282' title='bbox 1077 3556 1209 3617; x_wconf 66' lang='lat' dir='ltr'><strong>ocimum</strong></span> <span class='ocrx_word' id='word_1_283' title='bbox 1225 3557 1337 3636; x_wconf 61' lang='lat' dir='ltr'><strong>saritt</strong></span> <span class='ocrx_word' id='word_1_284' title='bbox 1353 3556 1528 3639; x_wconf 78' lang='lat' dir='ltr'><strong>propinqui·</strong></span> 
     </span>
     <span class='ocr_line' id='line_1_31' title="bbox 282 3653 1529 3737; baseline 0.001 -20"><span class='ocrx_word' id='word_1_285' title='bbox 282 3661 381 3728; x_wconf 75' lang='lat' dir='ltr'><strong>tarot,</strong></span> <span class='ocrx_word' id='word_1_286' title='bbox 398 3655 467 3737; x_wconf 83' lang='lat' dir='ltr'><strong>quia</strong></span> <span class='ocrx_word' id='word_1_287' title='bbox 483 3654 596 3716; x_wconf 85' lang='lat' dir='ltr'><strong>iiiilloiri</strong></span> <span class='ocrx_word' id='word_1_288' title='bbox 604 3655 692 3737; x_wconf 78' lang='lat' dir='ltr'><strong>sicit</strong></span> <span class='ocrx_word' id='word_1_289' title='bbox 707 3654 863 3733; x_wconf 56' lang='lat' dir='ltr'><strong>linitio</strong></span> <span class='ocrx_word' id='word_1_290' title='bbox 877 3654 1117 3717; x_wconf 63' lang='lat' dir='ltr'><strong>commistionem.</strong></span> <span class='ocrx_word' id='word_1_291' title='bbox 1163 3653 1287 3720; x_wconf 86' lang='lat' dir='ltr'><strong>Eadem</strong></span> <span class='ocrx_word' id='word_1_292' title='bbox 1308 3656 1529 3737; x_wconf 63' lang='lat' dir='ltr'><strong>superatione</strong></span> 
     </span>
     <span class='ocr_line' id='line_1_32' title="bbox 281 3751 1531 3840; baseline -0.002 -23"><span class='ocrx_word' id='word_1_293' title='bbox 281 3774 389 3840; x_wconf 88' lang='lat' dir='ltr'><strong>neque</strong></span> <span class='ocrx_word' id='word_1_294' title='bbox 403 3751 485 3816; x_wconf 90' lang='lat' dir='ltr'><strong>fides</strong></span> <span class='ocrx_word' id='word_1_295' title='bbox 497 3773 675 3818; x_wconf 88' lang='lat' dir='ltr'><strong>consensus</strong></span> <span class='ocrx_word' id='word_1_296' title='bbox 687 3751 767 3818; x_wconf 90' lang='lat' dir='ltr'><strong>facit</strong></span> <span class='ocrx_word' id='word_1_297' title='bbox 781 3752 1075 3838; x_wconf 88' lang='lat' dir='ltr'><strong>propinquitatem,</strong></span> <span class='ocrx_word' id='word_1_298' title='bbox 1086 3752 1122 3817; x_wconf 92' lang='lat' dir='ltr'><strong>id</strong></span> <span class='ocrx_word' id='word_1_299' title='bbox 1137 3759 1195 3830; x_wconf 90' lang='lat' dir='ltr'><strong>est,</strong></span> <span class='ocrx_word' id='word_1_300' title='bbox 1208 3754 1415 3831; x_wconf 82' lang='lat' dir='ltr'><strong>affinitatem,</strong></span> <span class='ocrx_word' id='word_1_301' title='bbox 1426 3754 1531 3839; x_wconf 82' lang='lat' dir='ltr'><strong>igitur</strong></span> 
     </span>
     <span class='ocr_line' id='line_1_33' title="bbox 282 3850 1529 3939; baseline 0.002 -23"><span class='ocrx_word' id='word_1_302' title='bbox 282 3874 342 3917; x_wconf 88' lang='lat' dir='ltr'><strong>nec</strong></span> <span class='ocrx_word' id='word_1_303' title='bbox 358 3851 608 3917; x_wconf 87' lang='lat' dir='ltr'><strong>matrimonium</strong></span> <span class='ocrx_word' id='word_1_304' title='bbox 625 3850 717 3931; x_wconf 84' lang='lat' dir='ltr'><strong>facit,</strong></span> <span class='ocrx_word' id='word_1_305' title='bbox 732 3851 951 3938; x_wconf 81' lang='lat' dir='ltr'><strong>quianullum</strong></span> <span class='ocrx_word' id='word_1_306' title='bbox 967 3852 1048 3919; x_wconf 86' lang='lat' dir='ltr'><strong>facit</strong></span> <span class='ocrx_word' id='word_1_307' title='bbox 1062 3852 1234 3939; x_wconf 83' lang='lat' dir='ltr'><strong>sanguinis</strong></span> <span class='ocrx_word' id='word_1_308' title='bbox 1249 3853 1529 3920; x_wconf 77' lang='lat' dir='ltr'><strong>commixtionem.</strong></span> 
     </span>
     <span class='ocr_line' id='line_1_34' title="bbox 283 3950 1529 4039; baseline -0.001 -21"><span class='ocrx_word' id='word_1_309' title='bbox 283 3951 363 4018; x_wconf 90' lang='lat' dir='ltr'><strong>Sola</strong></span> <span class='ocrx_word' id='word_1_310' title='bbox 384 3974 462 4037; x_wconf 85' lang='lat' dir='ltr'><strong>ergo</strong></span> <span class='ocrx_word' id='word_1_311' title='bbox 483 3952 678 4017; x_wconf 85' lang='lat' dir='ltr'><strong>commixtio</strong></span> <span class='ocrx_word' id='word_1_312' title='bbox 700 3950 809 4017; x_wconf 90' lang='lat' dir='ltr'><strong>carnis</strong></span> <span class='ocrx_word' id='word_1_313' title='bbox 833 3951 916 4016; x_wconf 81' lang='lat' dir='ltr'><strong>lacit</strong></span> <span class='ocrx_word' id='word_1_314' title='bbox 938 3952 1135 4018; x_wconf 84' lang='lat' dir='ltr'><strong>affinitatem</strong></span> <span class='ocrx_word' id='word_1_315' title='bbox 1160 3952 1213 4019; x_wconf 89' lang='lat' dir='ltr'><strong>uel</strong></span> <span class='ocrx_word' id='word_1_316' title='bbox 1237 3953 1529 4039; x_wconf 79' lang='lat' dir='ltr'><strong>propinquitatem,</strong></span> 
     </span>
     <span class='ocr_line' id='line_1_35' title="bbox 282 4047 1530 4139; baseline 0.002 -24"><span class='ocrx_word' id='word_1_317' title='bbox 282 4050 345 4117; x_wconf 90' lang='lat' dir='ltr'><strong>hoc</strong></span> <span class='ocrx_word' id='word_1_318' title='bbox 375 4057 427 4116; x_wconf 88' lang='lat' dir='ltr'><strong>est</strong></span> <span class='ocrx_word' id='word_1_319' title='bbox 453 4051 655 4137; x_wconf 79' lang='lat' dir='ltr'><strong>coniugium.</strong></span> <span class='ocrx_word' id='word_1_320' title='bbox 716 4047 750 4139; x_wconf 67' lang='lat' dir='ltr'><strong>[t</strong></span> <span class='ocrx_word' id='word_1_321' title='bbox 781 4047 848 4139; x_wconf 57' lang='grc' dir='ltr'><strong>η]</strong></span> <span class='ocrx_word' id='word_1_322' title='bbox 888 4050 978 4117; x_wconf 89' lang='lat' dir='ltr'><strong>Huic</strong></span> <span class='ocrx_word' id='word_1_323' title='bbox 1007 4051 1173 4119; x_wconf 86' lang='lat' dir='ltr'><strong>sentencie</strong></span> <span class='ocrx_word' id='word_1_324' title='bbox 1202 4074 1315 4118; x_wconf 87' lang='lat' dir='ltr'><strong>omnes</strong></span> <span class='ocrx_word' id='word_1_325' title='bbox 1344 4051 1530 4118; x_wconf 87' lang='lat' dir='ltr'><strong>consentire</strong></span> 
     </span>
     <span class='ocr_line' id='line_1_36' title="bbox 284 4149 1529 4238; baseline 0.002 -23"><span class='ocrx_word' id='word_1_326' title='bbox 284 4150 445 4216; x_wconf 91' lang='lat' dir='ltr'><strong>uidentur</strong></span> <span class='ocrx_word' id='word_1_327' title='bbox 466 4152 523 4235; x_wconf 93' lang='lat' dir='ltr'><strong>qui</strong></span> <span class='ocrx_word' id='word_1_328' title='bbox 546 4150 735 4215; x_wconf 84' lang='lat' dir='ltr'><strong>extendunt</strong></span> <span class='ocrx_word' id='word_1_329' title='bbox 750 4149 918 4235; x_wconf 82' lang='lat' dir='ltr'><strong>sponsalia</strong></span> <span class='ocrx_word' id='word_1_330' title='bbox 937 4172 1039 4238; x_wconf 89' lang='lat' dir='ltr'><strong>usqne</strong></span> <span class='ocrx_word' id='word_1_331' title='bbox 1061 4152 1104 4217; x_wconf 90' lang='lat' dir='ltr'><strong>ad</strong></span> <span class='ocrx_word' id='word_1_332' title='bbox 1126 4152 1405 4217; x_wconf 79' lang='lat' dir='ltr'><strong>commixtionem.</strong></span> <span class='ocrx_word' id='word_1_333' title='bbox 1450 4151 1529 4238; x_wconf 89' lang='lat' dir='ltr'><strong>quia</strong></span> 
     </span>
     <span class='ocr_line' id='line_1_37' title="bbox 282 4249 1530 4338; baseline 0 -23"><span class='ocrx_word' id='word_1_334' title='bbox 282 4249 451 4337; x_wconf 83' lang='lat' dir='ltr'><strong>sponsalia</strong></span> <span class='ocrx_word' id='word_1_335' title='bbox 472 4249 658 4316; x_wconf 90' lang='lat' dir='ltr'><strong>concedunt</strong></span> <span class='ocrx_word' id='word_1_336' title='bbox 678 4272 747 4315; x_wconf 86' lang='lat' dir='ltr'><strong>esse</strong></span> <span class='ocrx_word' id='word_1_337' title='bbox 767 4250 957 4315; x_wconf 88' lang='lat' dir='ltr'><strong>futurarum</strong></span> <span class='ocrx_word' id='word_1_338' title='bbox 975 4253 1178 4338; x_wconf 89' lang='lat' dir='ltr'><strong>nuptiarum,</strong></span> <span class='ocrx_word' id='word_1_339' title='bbox 1197 4251 1232 4316; x_wconf 93' lang='lat' dir='ltr'><strong>id</strong></span> <span class='ocrx_word' id='word_1_340' title='bbox 1254 4259 1317 4329; x_wconf 90' lang='lat' dir='ltr'><strong>est,</strong></span> <span class='ocrx_word' id='word_1_341' title='bbox 1332 4273 1443 4317; x_wconf 87' lang='lat' dir='ltr'><strong>earum</strong></span> <span class='ocrx_word' id='word_1_342' title='bbox 1467 4272 1530 4337; x_wconf 91' lang='lat' dir='ltr'><strong>que</strong></span> 
     </span>
     <span class='ocr_line' id='line_1_38' title="bbox 283 4349 1531 4436; baseline -0.002 -20"><span class='ocrx_word' id='word_1_343' title='bbox 283 4349 429 4416; x_wconf 91' lang='lat' dir='ltr'><strong>nondum</strong></span> <span class='ocrx_word' id='word_1_344' title='bbox 446 4357 535 4428; x_wconf 87' lang='lat' dir='ltr'><strong>sunt,</strong></span> <span class='ocrx_word' id='word_1_345' title='bbox 551 4357 673 4415; x_wconf 89' lang='lat' dir='ltr'><strong>etcum</strong></span> <span class='ocrx_word' id='word_1_346' title='bbox 688 4351 801 4416; x_wconf 86' lang='lat' dir='ltr'><strong>dicant</strong></span> <span class='ocrx_word' id='word_1_347' title='bbox 815 4356 897 4415; x_wconf 89' lang='lat' dir='ltr'><strong>tunc</strong></span> <span class='ocrx_word' id='word_1_348' title='bbox 917 4371 972 4415; x_wconf 86' lang='lat' dir='ltr'><strong>eas</strong></span> <span class='ocrx_word' id='word_1_349' title='bbox 992 4372 1061 4416; x_wconf 88' lang='lat' dir='ltr'><strong>esse</strong></span> <span class='ocrx_word' id='word_1_350' title='bbox 1082 4351 1246 4431; x_wconf 79' lang='lat' dir='ltr'><strong>iniciatus,</strong></span> <span class='ocrx_word' id='word_1_351' title='bbox 1260 4352 1451 4436; x_wconf 80' lang='lat' dir='ltr'><strong>ignorantes</strong></span> <span class='ocrx_word' id='word_1_352' title='bbox 1465 4350 1531 4415; x_wconf 88' lang='lat' dir='ltr'><strong>sibi</strong></span> 
     </span>
     <span class='ocr_line' id='line_1_39' title="bbox 282 4449 1529 4536; baseline -0.002 -21"><span class='ocrx_word' id='word_1_353' title='bbox 282 4452 512 4529; x_wconf 64' lang='lat' dir='ltr'><strong>aduersantuu</strong></span> <span class='ocrx_word' id='word_1_354' title='bbox 527 4471 629 4535; x_wconf 89' lang='lat' dir='ltr'><strong>quum</strong></span> <span class='ocrx_word' id='word_1_355' title='bbox 651 4449 786 4515; x_wconf 86' lang='lat' dir='ltr'><strong>interim</strong></span> <span class='ocrx_word' id='word_1_356' title='bbox 807 4449 910 4516; x_wconf 87' lang='lat' dir='ltr'><strong>donec</strong></span> <span class='ocrx_word' id='word_1_357' title='bbox 932 4450 1099 4536; x_wconf 87' lang='lat' dir='ltr'><strong>sponsalia</strong></span> <span class='ocrx_word' id='word_1_358' title='bbox 1116 4450 1299 4516; x_wconf 88' lang='lat' dir='ltr'><strong>secundum</strong></span> <span class='ocrx_word' id='word_1_359' title='bbox 1321 4472 1377 4516; x_wconf 87' lang='lat' dir='ltr'><strong>eos</strong></span> <span class='ocrx_word' id='word_1_360' title='bbox 1397 4450 1529 4527; x_wconf 91' lang='lat' dir='ltr'><strong>durant,</strong></span> 
     </span>
     <span class='ocr_line' id='line_1_40' title="bbox 283 4548 1530 4636; baseline -0.002 -20"><span class='ocrx_word' id='word_1_361' title='bbox 283 4549 419 4616; x_wconf 88' lang='lat' dir='ltr'><strong>omnino</strong></span> <span class='ocrx_word' id='word_1_362' title='bbox 440 4548 552 4614; x_wconf 86' lang='lat' dir='ltr'><strong>future</strong></span> <span class='ocrx_word' id='word_1_363' title='bbox 574 4555 654 4614; x_wconf 88' lang='lat' dir='ltr'><strong>sunt</strong></span> <span class='ocrx_word' id='word_1_364' title='bbox 671 4549 801 4636; x_wconf 82' lang='lat' dir='ltr'><strong>nuptie,</strong></span> <span class='ocrx_word' id='word_1_365' title='bbox 816 4549 850 4613; x_wconf 93' lang='lat' dir='ltr'><strong>id</strong></span> <span class='ocrx_word' id='word_1_366' title='bbox 868 4555 928 4626; x_wconf 89' lang='lat' dir='ltr'><strong>est,</strong></span> <span class='ocrx_word' id='word_1_367' title='bbox 949 4556 1027 4615; x_wconf 88' lang='lat' dir='ltr'><strong>ante</strong></span> <span class='ocrx_word' id='word_1_368' title='bbox 1050 4550 1327 4627; x_wconf 78' lang='lat' dir='ltr'><strong>commixtionem,</strong></span> <span class='ocrx_word' id='word_1_369' title='bbox 1344 4556 1383 4615; x_wconf 93' lang='lat' dir='ltr'><strong>ut</strong></span> <span class='ocrx_word' id='word_1_370' title='bbox 1401 4550 1437 4614; x_wconf 91' lang='lat' dir='ltr'><strong>in</strong></span> <span class='ocrx_word' id='word_1_371' title='bbox 1457 4550 1530 4635; x_wconf 88' lang='lat' dir='ltr'><strong>ipsa</strong></span> 
     </span>
     <span class='ocr_line' id='line_1_41' title="bbox 283 4648 1530 4736; baseline -0.002 -20"><span class='ocrx_word' id='word_1_372' title='bbox 283 4650 392 4716; x_wconf 84' lang='lat' dir='ltr'><strong>carnis</strong></span> <span class='ocrx_word' id='word_1_373' title='bbox 414 4649 648 4714; x_wconf 88' lang='lat' dir='ltr'><strong>commixtione</strong></span> <span class='ocrx_word' id='word_1_374' title='bbox 671 4648 826 4715; x_wconf 88' lang='lat' dir='ltr'><strong>desinant</strong></span> <span class='ocrx_word' id='word_1_375' title='bbox 845 4671 915 4714; x_wconf 86' lang='lat' dir='ltr'><strong>esse</strong></span> <span class='ocrx_word' id='word_1_376' title='bbox 937 4649 1057 4715; x_wconf 88' lang='lat' dir='ltr'><strong>future.</strong></span> <span class='ocrx_word' id='word_1_377' title='bbox 1102 4672 1179 4736; x_wconf 83' lang='lat' dir='ltr'><strong>ergo</strong></span> <span class='ocrx_word' id='word_1_378' title='bbox 1197 4658 1279 4715; x_wconf 90' lang='lat' dir='ltr'><strong>tune</strong></span> <span class='ocrx_word' id='word_1_379' title='bbox 1302 4650 1436 4715; x_wconf 89' lang='lat' dir='ltr'><strong>demum</strong></span> <span class='ocrx_word' id='word_1_380' title='bbox 1460 4671 1530 4715; x_wconf 90' lang='lat' dir='ltr'><strong>esse</strong></span> 
     </span>
     <span class='ocr_line' id='line_1_42' title="bbox 282 4747 1528 4837; baseline -0.002 -24"><span class='ocrx_word' id='word_1_381' title='bbox 282 4747 481 4833; x_wconf 73' lang='lat' dir='ltr'><strong>incipiuntl.</strong></span> <span class='ocrx_word' id='word_1_382' title='bbox 525 4749 720 4834; x_wconf 83' lang='lat' dir='ltr'><strong>leronymus</strong></span> <span class='ocrx_word' id='word_1_383' title='bbox 736 4770 866 4835; x_wconf 90' lang='lat' dir='ltr'><strong>quoque</strong></span> <span class='ocrx_word' id='word_1_384' title='bbox 888 4749 925 4813; x_wconf 92' lang='lat' dir='ltr'><strong>in</strong></span> <span class='ocrx_word' id='word_1_385' title='bbox 945 4771 1016 4813; x_wconf 91' lang='lat' dir='ltr'><strong>eam</strong></span> <span class='ocrx_word' id='word_1_386' title='bbox 1037 4749 1149 4837; x_wconf 89' lang='lat' dir='ltr'><strong>lapsus</strong></span> <span class='ocrx_word' id='word_1_387' title='bbox 1165 4749 1301 4814; x_wconf 87' lang='lat' dir='ltr'><strong>uidetur</strong></span> <span class='ocrx_word' id='word_1_388' title='bbox 1315 4749 1528 4815; x_wconf 81' lang='lat' dir='ltr'><strong>sentenciam.</strong></span> 
     </span>
    </p>
   </div>
   <div class='ocr_carea' id='block_1_3' title="bbox 314 4885 1514 5145">
    <p class='ocr_par' dir='ltr' id='par_1_3' title="bbox 316 4885 1221 4949">
     <span class='ocr_line' id='line_1_43' title="bbox 316 4885 1221 4949; baseline 0.004 -16"><span class='ocrx_word' id='word_1_389' title='bbox 316 4885 323 4913; x_wconf 91' lang='lat'><strong>¹</strong></span> <span class='ocrx_word' id='word_1_390' title='bbox 341 4901 361 4934; x_wconf 94' lang='lat' dir='ltr'><strong>c.</strong></span> <span class='ocrx_word' id='word_1_391' title='bbox 375 4900 399 4949; x_wconf 88' lang='lat'><strong>9,</strong></span> <span class='ocrx_word' id='word_1_392' title='bbox 412 4900 434 4933; x_wconf 91' lang='lat' dir='ltr'><strong>e.</strong></span> <span class='ocrx_word' id='word_1_393' title='bbox 447 4900 472 4948; x_wconf 92' lang='lat' dir='ltr'><strong>q.</strong></span> <span class='ocrx_word' id='word_1_394' title='bbox 943 4885 954 4915; x_wconf 83' lang='lat'><strong>¹</strong></span> <span class='ocrx_word' id='word_1_395' title='bbox 970 4902 992 4935; x_wconf 87' lang='lat' dir='ltr'><strong>c.</strong></span> <span class='ocrx_word' id='word_1_396' title='bbox 1007 4889 1045 4947; x_wconf 78' lang='lat'><strong>18,</strong></span> <span class='ocrx_word' id='word_1_397' title='bbox 1058 4903 1082 4937; x_wconf 83' lang='lat' dir='ltr'><strong>a.</strong></span> <span class='ocrx_word' id='word_1_398' title='bbox 1093 4904 1118 4949; x_wconf 88' lang='lat' dir='ltr'><strong>q.</strong></span> <span class='ocrx_word' id='word_1_399' title='bbox 1134 4889 1221 4938; x_wconf 80' lang='lat' dir='ltr'><strong>Palea.</strong></span> 
     </span>
    </p>

    <p class='ocr_par' dir='ltr' id='par_1_4' title="bbox 314 4952 1514 5081">
     <span class='ocr_line' id='line_1_44' title="bbox 314 4952 1514 5019; baseline 0.003 -20"><span class='ocrx_word' id='word_1_400' title='bbox 314 4952 324 4980; x_wconf 85' lang='lat'><strong>¹</strong></span> <span class='ocrx_word' id='word_1_401' title='bbox 341 4955 449 5009; x_wconf 81' lang='lat' dir='ltr'><strong>innotuit,</strong></span> <span class='ocrx_word' id='word_1_402' title='bbox 462 4952 566 5001; x_wconf 76' lang='lat' dir='ltr'><strong>E&#39;riedb.</strong></span> <span class='ocrx_word' id='word_1_403' title='bbox 794 4952 804 4981; x_wconf 76' lang='lat'>¹</span> <span class='ocrx_word' id='word_1_404' title='bbox 822 4956 903 5003; x_wconf 83' lang='lat' dir='ltr'><strong>uirum</strong></span> <span class='ocrx_word' id='word_1_405' title='bbox 916 4960 935 5003; x_wconf 83' lang='lat' dir='ltr'><strong>et</strong></span> <span class='ocrx_word' id='word_1_406' title='bbox 946 4957 1064 5001; x_wconf 75' lang='lat' dir='ltr'><strong>multarent</strong></span> <span class='ocrx_word' id='word_1_407' title='bbox 1072 4970 1137 5012; x_wconf 67' lang='lat' dir='ltr'><strong>poma</strong></span> <span class='ocrx_word' id='word_1_408' title='bbox 1143 4959 1198 5011; x_wconf 72' lang='lat' dir='ltr'><strong>fieri</strong></span> <span class='ocrx_word' id='word_1_409' title='bbox 1208 4970 1282 5002; x_wconf 82' lang='lat' dir='ltr'><strong>uriom</strong></span> <span class='ocrx_word' id='word_1_410' title='bbox 1294 4970 1393 5019; x_wconf 79' lang='lat' dir='ltr'><strong>carrina,</strong></span> <span class='ocrx_word' id='word_1_411' title='bbox 1408 4952 1514 5004; x_wconf 81' lang='lat' dir='ltr'><strong>Friedb.</strong></span> 
     </span>
     <span class='ocr_line' id='line_1_45' title="bbox 316 5014 1188 5081; baseline 0.005 -16"><span class='ocrx_word' id='word_1_412' title='bbox 316 5014 326 5047; x_wconf 84' lang='lat'>⁸</span> <span class='ocrx_word' id='word_1_413' title='bbox 340 5023 460 5066; x_wconf 69' lang='lat' dir='ltr'><strong>atomos</strong></span> <span class='ocrx_word' id='word_1_414' title='bbox 469 5022 568 5081; x_wconf 78' lang='lat' dir='ltr'><strong>malint,</strong></span> <span class='ocrx_word' id='word_1_415' title='bbox 582 5018 689 5069; x_wconf 85' lang='lat' dir='ltr'><strong>Friedb.</strong></span> <span class='ocrx_word' id='word_1_416' title='bbox 940 5022 951 5050; x_wconf 77' lang='lat'>⁶</span> <span class='ocrx_word' id='word_1_417' title='bbox 966 5020 1040 5068; x_wconf 82' lang='lat' dir='ltr'><strong>omit</strong></span> <span class='ocrx_word' id='word_1_418' title='bbox 1047 5026 1123 5081; x_wconf 73' lang='lat' dir='ltr'><strong>parit,</strong></span> <span class='ocrx_word' id='word_1_419' title='bbox 1134 5020 1188 5069; x_wconf 73' lang='lat' dir='ltr'><strong>ite.</strong></span> 
     </span>
    </p>

    <p class='ocr_par' dir='ltr' id='par_1_5' title="bbox 314 5080 529 5145">
     <span class='ocr_line' id='line_1_46' title="bbox 314 5080 529 5145; baseline 0.014 -15"><span class='ocrx_word' id='word_1_420' title='bbox 314 5080 324 5109; x_wconf 75' lang='lat'><strong>¹</strong></span> <span class='ocrx_word' id='word_1_421' title='bbox 342 5087 461 5145; x_wconf 75' lang='lat' dir='ltr'><strong>incipiunt,</strong></span> <span class='ocrx_word' id='word_1_422' title='bbox 476 5084 529 5133; x_wconf 86' lang='lat' dir='ltr'><strong>MS.</strong></span> 
     </span>
    </p>
   </div>
   <div class='ocr_carea' id='block_1_4' title="bbox 0 0 1781 5875">
    <p class='ocr_par' dir='ltr' id='par_1_6' title="bbox 0 0 1781 5875">
     <span class='ocr_line' id='line_1_47' title="bbox 0 0 1781 5875; baseline 0 0"><span class='ocrx_word' id='word_1_423' title='bbox 0 0 1781 5875; x_wconf 95' lang='lat' dir='ltr'><strong> </strong></span> 
     </span>
    </p>
   </div>
   <div class='ocr_carea' id='block_1_5' title="bbox 1773 2399 1776 3354">
    <p class='ocr_par' dir='ltr' id='par_1_7' title="bbox 1773 2399 1776 3354">
     <span class='ocr_line' id='line_1_48' title="bbox 1773 2399 1776 3354; baseline 0 0"><span class='ocrx_word' id='word_1_424' title='bbox 1773 2399 1776 3354; x_wconf 95' lang='lat' dir='ltr'><strong> </strong></span> 
     </span>
    </p>
   </div>
   <div class='ocr_carea' id='block_1_6' title="bbox 1773 3505 1776 4607">
    <p class='ocr_par' dir='ltr' id='par_1_8' title="bbox 1773 3505 1776 4607">
     <span class='ocr_line' id='line_1_49' title="bbox 1773 3505 1776 4607; baseline 0 0"><span class='ocrx_word' id='word_1_425' title='bbox 1773 3505 1776 4607; x_wconf 95' lang='lat' dir='ltr'><strong> </strong></span> 
     </span>
    </p>
   </div>
   <div class='ocr_carea' id='block_1_7' title="bbox 1773 4774 1776 5832">
    <p class='ocr_par' dir='ltr' id='par_1_9' title="bbox 1773 4774 1776 5832">
     <span class='ocr_line' id='line_1_50' title="bbox 1773 4774 1776 5832; baseline 0 0"><span class='ocrx_word' id='word_1_426' title='bbox 1773 4774 1776 5832; x_wconf 95' lang='lat' dir='ltr'><strong> </strong></span> 
     </span>
    </p>
   </div>
  </div>
 </body>
</html>
