3550 5875
434 540 610 640 Mopz'stri
634 542 786 620 Vocarii
810 542 968 619 Summa
994 543 1036 619 de
1062 542 1318 619 Matrimonia.
1462 564 1498 619 13

247 761 344 819 nalem
366 763 492 822 animam
514 771 545 824 et
566 765 722 824 humanam
745 765 862 825 carnem
884 767 993 843 absque
1019 787 1118 824 earum
1140 766 1171 823 in
1192 786 1282 824 uuam
1307 765 1499 825 substantiam

247 875 376 931 conpage
398 857 596 933 significamus
617 865 789 938 assumptas.
833 860 897 920 Hec
918 867 962 919 est
983 860 1118 920 doctriua
1143 860 1265 919 celebris
1286 881 1304 918 a
1324 860 1499 938 quibusdam

138 1017 140 1022 y
247 950 395 1011 modernis
415 953 535 1013 inuenta
554 954 711 1030 magistris.
753 954 818 1013 Hec
835 961 879 1013 est
898 955 947 1014 uia
964 955 994 1013 iu
1016 956 1101 1014 scolis
1119 954 1244 1014 maxime
1265 956 1451 1032 frequentata
1469 961 1500 1013 et
1586 1033 1590 1038 υ

247 1043 321 1103 trita
339 1044 436 1105 bodies
476 1067 562 1123 porro
576 1047 744 1109 huiusmodi
760 1050 918 1128 disciplina
933 1070 1001 1109 cum
1014 1050 1106 1109 nullis
1119 1049 1346 1109 auctoritatibus
1365 1048 1499 1107 roborari

247 1139 350 1215 possit,
366 1139 435 1200 licet
448 1141 596 1217 aliquibus
610 1144 711 1220 paucis
724 1145 776 1203 uix
790 1144 889 1222 aliquo
904 1145 988 1203 modo
1002 1144 1125 1203 colorari
1142 1150 1255 1222 querat,
1271 1145 1387 1221 regulas
1403 1151 1499 1202 tamen

248 1253 315 1293 suas
336 1234 424 1294 habet
445 1242 475 1295 et
497 1237 681 1308 traditiones,
702 1239 809 1317 quibus
829 1239 971 1299 maiorum
993 1241 1183 1299 auctoritates
1205 1240 1322 1298 eludere
1343 1238 1443 1315 possit,
1464 1244 1500 1297 ut

248 1345 333 1386 suum
360 1330 500 1389 defendat
527 1351 665 1391 errorem.
715 1334 793 1393 Nam
820 1334 845 1393 ai
875 1354 933 1411 qua
959 1333 1106 1393 obiciatur
1136 1334 1305 1404 auctoritas,
1333 1337 1498 1411 promptam

247 1421 356 1481 habent
371 1424 584 1501 responsionem
600 1428 758 1487 seeundum
774 1448 841 1488 suas
856 1428 980 1505 regulas,
995 1434 1028 1486 ut
1042 1428 1067 1486 si
1082 1428 1241 1488 auctoritas
1255 1431 1300 1487 ee't
1319 1426 1500 1504 expositione

248 1516 381 1594 indigeat
404 1526 435 1577 et
458 1519 712 1599 interpretatione,
735 1543 802 1581 cum
827 1523 991 1583 econtrario
1016 1522 1080 1599 lege
1102 1529 1222 1582 cautum
1242 1522 1283 1582 sit
1303 1521 1415 1582 nullam
1436 1542 1500 1581 esse

247 1612 518 1691 interpretationem
539 1636 595 1692 qua
615 1622 732 1676 tantum
747 1618 845 1677 ualeat
867 1627 902 1676 ut
916 1616 1098 1695 preiudicare
1117 1618 1210 1695 possit
1224 1617 1379 1677 manifesto
1393 1615 1500 1676 sensui.

247 1706 323 1765 Item
343 1715 378 1767 ut
392 1714 508 1768 tantum
523 1709 651 1788 affugere
670 1712 783 1789 possint
797 1733 833 1771 ex
849 1712 906 1771 leui
924 1711 1080 1783 occasione,
1096 1713 1202 1791 nugari
1221 1713 1325 1773 dicunt
1338 1711 1500 1790 quemlibet

247 1811 398 1878 urgentem
420 1824 477 1864 eos.
520 1804 726 1884 Naturamque
748 1806 905 1866 humanam
925 1806 957 1866 in
979 1809 1098 1869 Christo
1120 1810 1162 1867 ita
1183 1809 1353 1887 disponunt,
1374 1812 1409 1867 ut
1429 1806 1499 1866 dum

246 1901 343 1955 totam
362 1918 427 1956 eam
447 1897 564 1958 Christo
582 1899 713 1959 tribuere
730 1901 895 1974 uideantur,
911 1902 1038 1963 animam
1057 1903 1231 1964 rationalem
1250 1907 1281 1961 et
1297 1902 1452 1961 humanam
1472 1901 1500 1958 ei

247 2011 364 2049 carnem
382 1993 572 2066 concedendo,
588 2000 680 2054 totam
695 1997 721 2055 ei
735 1997 871 2054 auferant
888 2000 1020 2075 negando
1034 1998 1228 2059 substantiam
1247 1997 1358 2075 ipsius¹
1374 1996 1500 2056 hominis

248 2105 284 2144 ex
305 2085 347 2144 eis
368 2085 532 2148 consistere.
574 2088 658 2148 Vnde
679 2090 813 2167 querenti
836 2090 918 2162 mihi,
934 2092 1009 2152 (lum
1030 2091 1197 2153 substantia
1217 2093 1309 2150 fuerit
1329 2090 1428 2150 infans
1448 2089 1499 2149 ille

247 2170 333 2255 quem
360 2181 438 2257 magi
465 2181 674 2252 adorauerunt,
701 2205 759 2262 que
787 2185 956 2246 substantia
988 2188 1107 2247 fueriti·
1137 2186 1350 2264 responderunt
1381 2184 1499 2263 quidum

247 2274 325 2351 quod
349 2273 453 2334 diuina
477 2275 569 2336 suerit
590 2278 761 2337 substantia
785 2286 817 2339 et
841 2300 897 2338 uon
922 2280 1057 2341 humana.
1101 2282 1164 2340 Hec
1186 2286 1217 2339 et
1240 2280 1299 2340 alia
1322 2280 1368 2339 his
1392 2278 1501 2337 similia

247 2368 428 2428 induxerunt
442 2389 488 2428 me
501 2378 532 2429 et
545 2371 719 2449 inpulerant
732 2373 770 2432 ad
785 2372 980 2448 scribendum,
995 2385 1026 2435 et
1040 2374 1175 2453 quamuis
1190 2375 1255 2453 ipsa
1273 2374 1316 2433 rei
1335 2372 1500 2434 sublimitas

247 2467 278 2520 et
292 2463 388 2541 operis
406 2463 565 2524 difficultas
586 2466 716 2525 animum
734 2471 765 2526 et
785 2467 864 2527 uires
881 2469 954 2528 mihi
972 2470 1136 2529 adimerent
1150 2467 1305 2541 scribendi,
1320 2468 1383 2526 eius
1401 2474 1499 2526 tanuen

248 2556 383 2616 inuocato
406 2558 523 2618 nomine
544 2559 596 2637 qui
617 2561 773 2639 desperata
792 2563 879 2621 etiam
905 2565 1058 2624 consueuit
1083 2564 1251 2641 petentibus
1275 2563 1390 2633 donare,
1412 2566 1442 2620 et
1466 2580 1501 2618 ea

246 2651 379 2727 paruulis
400 2651 586 2729 pulsantibus
604 2656 718 2732 aperire
739 2676 796 2733 que
817 2656 1000 2734 sapientibus
1019 2664 1050 2717 et
1069 2657 1266 2737 prudentibus
1280 2656 1422 2727 celantur,
1436 2654 1499 2713 eius

247 2744 365 2822 inquam
387 2745 522 2805 inuocato
543 2748 670 2821 nourine,
684 2754 715 2809 et
734 2750 825 2808 oculis
846 2751 883 2809 ad
905 2751 999 2811 celum
1021 2753 1134 2824 erectis,
1148 2770 1220 2827 opus
1242 2771 1319 2810 meas
1340 2750 1500 2810 extendens

246 2839 325 2898 uires
346 2840 410 2900 eius
431 2841 587 2901 donatione
606 2840 728 2920 inpleui,
751 2844 828 2920 quod
850 2843 1020 2905 discretioni
1042 2852 1140 2905 uestra
1161 2844 1327 2904 dilectionis
1348 2865 1381 2902 eo
1401 2842 1499 2901 studio

247 2932 469 3011 inspiciendum,
479 2936 753 3015 discutiendumque
767 2940 897 2998 commisi
913 2961 970 3017 quo
985 2941 1191 3018 scriptumest,
1204 2946 1239 2997 ut
1252 2939 1389 2997 ueritatis
1402 2958 1499 2997 amore

246 3027 363 3105 singula
383 3029 543 3107 diligenter
563 3032 745 3102 examinetis,
764 3037 795 3092 ct
815 3033 840 3091 si
862 3033 935 3110 quid
955 3033 1150 3111 inprudenter
1171 3033 1212 3092 ibi
1234 3033 1377 3093 insertum
1398 3031 1498 3104 suerit,

247 3123 393 3182 industria
421 3131 519 3185 uestra
550 3126 714 3202 prudentie,
744 3133 903 3203 autequam
931 3126 969 3185 ad
1005 3127 1098 3186 alium
1133 3126 1296 3203 perueniat,
1324 3126 1499 3203 corrigatur.

247 3218 444 3278 Euidentibus
468 3226 567 3279 autem
591 3226 652 3279 tam
676 3218 841 3279 rationibus
865 3240 953 3298 quam
976 3220 1203 3280 auctoritatibus
1227 3240 1280 3297 pro
1303 3220 1414 3297 ingenii
1442 3220 1499 3278 mei

247 3313 406 3389 exiguitate
433 3313 531 3373 studui
562 3314 762 3399 demonstrare
792 3334 848 3391 que
875 3315 977 3392 pocius
1001 3315 1149 3375 sententia
1172 3314 1299 3373 ueritate
1325 3314 1440 3374 nitatur
1463 3314 1499 3373 de

246 3408 362 3466 homine
383 3419 538 3486 assumpto,
555 3418 654 3467 utrum
676 3415 710 3467 ut
731 3408 827 3467 anime
847 3415 878 3467 et
899 3409 1028 3487 corporis
1047 3409 1210 3487 assumptio
1229 3428 1288 3466 non
1307 3408 1499 3485 composuerit

247 3522 334 3560 unam
357 3501 484 3561 hominis
508 3504 705 3562 substantiam
728 3502 760 3560 in
781 3501 910 3576 Christo,
933 3523 970 3561 aa
994 3503 1064 3561 talis
1086 3503 1205 3562 omnino
1229 3502 1385 3578 utriusque
1408 3501 1499 3560 fuerit

246 3596 412 3656 coniunctio
426 3602 461 3655 ut
475 3592 511 3656 eir
526 3598 569 3657 eis
582 3617 659 3656 unus
673 3595 833 3656 subsistens
848 3596 939 3655 fuerit
953 3596 1038 3656 horno
1052 3596 1215 3656 substantie
1230 3596 1356 3656 humane
1370 3597 1499 3674 perfecte

246 3690 322 3750 sicut
336 3691 461 3767 quilibet
475 3692 570 3749 alius²
584 3691 677 3750 homo.
707 3686 864 3771 [Rubriae]
880 3691 924 3749 Dc
938 3702 1085 3768 assumpto
1099 3689 1220 3748 lomina
1249 3691 1326 3765 qaod
1339 3691 1499 3749 mutantia

246 3787 285 3842 sit
298 3805 332 3842 aa
346 3787 487 3842 animet
507 3805 593 3844 corne
612 3785 766 3843 adstamus
784 3796 845 3843 tam
865 3786 1007 3843 animulis
1026 3805 1116 3860 quom
1137 3786 1270 3856 hominis,
1289 3785 1413 3843 rusure³
1429 3804 1498 3860 pro-

243 3880 418 3955 seueritas
436 3879 560 3938 emisa
583 3900 642 3937 non
661 3889 759 3937 cumin
776 3879 892 3937 diuina.
927 3888 953 3937 et
966 3880 1044 3954 quod
1064 3881 1146 3937 homo
1159 3899 1225 3936 caan
1239 3881 1275 3936 sit
1292 3898 1423 3954 prsrsouo,
1439 3881 1499 3955 ipsc

247 3983 343 4029 tomen
362 3984 529 4050 assumptus
542 3975 652 4031 dicitur
668 3982 694 4031 et
711 3992 772 4031 oon
791 3974 857 4050 ipsa
873 3994 1008 4050 peremta.
1042 3984 1067 4031 et
1086 3974 1162 4049 quod
1180 3972 1312 4032 Christus
1325 3984 1349 4031 ct
1363 3974 1499 4031 dossinus

244 4066 334 4140 pluris
348 4076 373 4123 et
385 4067 470 4141 pipere
483 4069 593 4142 pamiae
606 4067 762 4125 substantie
776 4066 907 4124 duonum
920 4067 979 4125 εἰπε
994 4067 1223 4125 substantiarum
1238 4069 1366 4125 aomina.
1400 4078 1425 4125 et
1438 4088 1498 4124 non

245 4162 323 4218 deus.
364 4171 390 4217 ct
404 4161 467 4217 ideo
486 4181 521 4218 ca
540 4162 673 4238 dupplici
694 4160 856 4219 &abstantia
879 4161 1012 4220 Christus
1026 4181 1081 4220 essa
1095 4183 1157 4219 una
1176 4182 1299 4236 peremto
1318 4161 1434 4219 dicitur.
1472 4173 1497 4217 et

246 4275 307 4311 ison
320 4254 397 4321 deus,
408 4274 469 4311 aon
481 4254 564 4312 Immo
577 4255 621 4312 tta
635 4255 752 4316 dicitnr.
783 4265 808 4312 et
822 4256 900 4329 qaod
913 4256 983 4313 deus
995 4276 1062 4313 aere
1075 4264 1100 4313 et
1110 4257 1231 4332 proprie
1245 4256 1312 4313 inda
1322 4265 1361 4312 ast
1374 4256 1496 4330 aliquid,

246 4351 319 4423 quia
339 4359 378 4405 est
398 4348 488 4405 torno.
531 4347 671 4407 ⁴Crebris
691 4347 792 4423 itaque
813 4348 1028 4407 mutationibus
1047 4354 1076 4408 et
1098 4349 1225 4407 motibus
1246 4392 1254 4407 .
1276 4392 1283 4407 .
1306 4394 1313 4407 .
1336 4349 1363 4405 ,ὅ
1382 4349 1432 4407 sed
1453 4358 1498 4407 eet

247 4441 404 4500 secundum
435 4441 591 4500 catholicos
618 4441 707 4500 unius
738 4440 903 4500 substantie
935 4442 1061 4501 humane
1089 4441 1224 4518 specifica
1251 4442 1419 4501 differentia
1445 4463 1497 4499 seu

163 4555 168 4565 ·
247 4535 413 4614 specificata
437 4535 600 4612 proprietas
625 4555 675 4594 seu
697 4536 790 4594 forma
811 4536 944 4613 quedam,
967 4556 1023 4613 que
1045 4536 1164 4614 proprio
1189 4538 1305 4594 nomine
1329 4536 1497 4595 humanitas
1528 4526 1534 4538 ⁶

246 4636 376 4701 uocatur,
391 4636 426 4688 ut
440 4650 529 4707 supra
543 4637 692 4688 ostensum
706 4634 759 4687 est.
803 4626 961 4711 [Rubriae]
982 4631 1041 4688 Hic
1062 4631 1166 4705 incipit
1186 4631 1310 4707 qaudam
1330 4651 1444 4689 miramo
1464 4632 1498 4689 dc

246 4726 431 4784 matrimonio
446 4725 589 4801 Mapistra‘
608 4724 733 4786 Vocarii.

344 4854 353 4883 ¹
371 4858 447 4913 ipsius
457 4854 593 4917 repeated.
1009 4833 1011 4837 i
1168 4854 1179 4885 2
1194 4860 1257 4915 dits,
1270 4856 1324 4908 MS.

344 4921 354 4949 ³
370 4937 387 4968 n
399 4921 466 4969 with
478 4938 490 4968 c
501 4923 591 4980 abore,
605 4921 733 4983 premded
745 4922 799 4971 and
811 4921 934 4971 followed
947 4922 982 4983 by
994 4937 1008 4969 a
1021 4924 1087 4985 stop,
1102 4922 1156 4972 MS.

345 4985 354 5017 ⁶
371 4987 524 5049 Boginning
535 4988 563 5035 ot
573 4987 689 5037 trectise.
746 5023 749 5026 -
1150 4988 1160 5017 ⁵
1177 4987 1238 5037 End
1250 4987 1279 5036 ol
1287 4987 1403 5037 traatiae.
