3550 5875
312 555 350 612 26
494 534 671 634 Magistri
698 533 848 610 Vacorii
873 532 1032 607 Summo
1059 531 1104 606 de
1133 529 1378 607 Matrimonia

311 682 534 690 ——mffi
1378 679 1409 684 ⁴,-
1418 677 1526 684 ——-—
1537 674 1562 685 -4

311 774 354 817 ex
369 753 500 819 decreto
512 750 664 818 Ormide¹
679 774 764 839 pape
779 755 831 817 est
847 748 1058 836 impossibile,
1071 750 1151 836 quia
1160 750 1314 811 scandam
1322 749 1455 812 dimittet
1467 753 1496 811 et
1506 747 1561 807 ad-

310 853 423 916 herebit
434 854 540 934 priori
586 853 740 939 quamuis
755 852 838 916 duas
852 871 989 937 sponsas
1009 850 1085 936 quis
1100 849 1220 913 habere
1235 847 1348 934 possit,
1363 869 1432 913 non
1450 853 1562 911 tamen

310 952 381 1016 sine
404 958 484 1017 nota
503 951 648 1016 infamis.
693 950 726 1015 N
729 973 765 1016 ee
786 950 838 1015 his
856 951 1051 1015 aduersatur
1067 948 1206 1034 ngari
1225 947 1401 1026 sentencia,
1416 969 1479 1032 que
1493 967 1563 1009 non

311 1050 386 1115 uult
398 1057 437 1115 ut
451 1049 554 1137 priori
565 1050 672 1135 possit
683 1050 840 1116 adherere
853 1049 908 1115 uel
923 1048 1091 1115 conciliari
1108 1049 1187 1112 dum
1203 1045 1288 1112 alius
1299 1047 1333 1111 in
1349 1069 1448 1112 carne
1465 1045 1562 1118 uiuit,

311 1149 390 1236 quia
405 1171 474 1215 non
488 1150 528 1215 fit
542 1149 603 1215 hoc
618 1172 660 1214 ex
676 1150 802 1217 carnali
813 1149 1058 1225 commixtione,
1074 1155 1114 1213 ut
1128 1148 1255 1212 dictum
1271 1155 1330 1225 est,
1342 1145 1487 1220 secundi,
1504 1144 1561 1208 sed

310 1256 446 1334 propter
467 1248 653 1314 diuoreium
677 1249 797 1335 prioris
820 1248 977 1334 coniugii,
998 1241 1085 1333 quod
1109 1269 1149 1312 ex
1173 1247 1225 1311 his
1249 1246 1360 1311 uerbis
1384 1244 1561 1330 colligitur,

311 1347 447 1426 seilicet,
466 1349 583 1429 prioris
604 1371 675 1433 quoe
696 1350 877 1433 reliquerant
901 1356 929 1409 et
955 1369 973 1409 a
998 1348 1105 1431 quitur
1129 1347 1263 1426 ceper-uli
1277 1348 1412 1427 suerunt
1423 1345 1444 1409 ².
1490 1343 1563 1408 Hec

311 1448 386 1512 dico
401 1448 580 1513 seeundum
596 1448 800 1513 sentenciam
813 1446 951 1533 ngari
966 1445 1211 1530 archiepiscopi.
1221 1446 1280 1530 qui
1296 1445 1380 1509 dicit
1395 1467 1450 1509 eos
1466 1465 1561 1528 posse

311 1546 467 1631 separari.
505 1568 583 1611 nam
598 1547 628 1611 si
643 1547 735 1632 prius
751 1545 1000 1612 matrimonium
1016 1546 1057 1610 de
1074 1547 1143 1609 iure
1160 1544 1267 1610 ualuit
1282 1551 1317 1609 et
1331 1543 1478 1609 solutum
1495 1565 1562 1607 non

312 1644 388 1725 suit,
402 1646 454 1710 uel
469 1644 555 1711 solui
571 1655 706 1731 propter
720 1668 831 1712 casum
848 1645 1001 1710 maleficii
1017 1666 1085 1709 non
1100 1644 1224 1720 debuit,
1241 1645 1422 1708 seeundum
1446 1644 1561 1708 matri-

312 1746 460 1810 monium
476 1747 516 1811 de
531 1745 602 1810 iure
617 1767 684 1810 non
701 1746 819 1810 tenuit.
853 1767 932 1831 ergo
948 1766 1035 1809 uxor
1049 1766 1089 1808 ex
1106 1765 1145 1809 eo
1161 1765 1229 1807 non
1245 1742 1311 1808 fuit
1326 1743 1384 1808 sed
1399 1742 1562 1808 adultera.

313 1846 378 1911 Sed
398 1867 440 1910 an
462 1846 555 1931 prius
577 1845 770 1931 coniugium
793 1846 834 1909 de
856 1845 929 1909 iure
952 1843 1103 1921 caluerit,
1120 1845 1183 1908 etsi
1205 1865 1247 1908 ex
1267 1842 1435 1928 premissis
1457 1842 1563 1928 possit

312 1943 464 2031 intelligi,
495 1945 584 2010 infra
619 1952 731 2010 tamen
766 1943 917 2028 apsrcius
951 1944 1152 2008 ostendetur.
1229 1942 1313 2007 Item
1346 1964 1390 2006 an
1428 1949 1564 2027 propter

311 2043 502 2109 huiusmodi
531 2043 667 2108 alterius
697 2064 811 2108 casum
842 2042 1057 2107 huiusmodi³
1084 2042 1276 2127 coniugium
1305 2049 1380 2125 post
1409 2050 1561 2105 mutuam

312 2144 555 2229 susceptionem
570 2144 690 2209 debeat
705 2142 842 2208 dissolui
857 2142 1054 2228 diligencius
1070 2141 1248 2227 inquiram.
1282 2140 1357 2206 Hoc
1373 2140 1471 2227 plane
1489 2140 1563 2204 dieo

312 2242 401 2328 quod
426 2242 529 2328 priori
555 2244 710 2329 coniugio
733 2264 792 2329 per
815 2243 914 2307 fidem
939 2263 1118 2306 consensus
1143 2247 1314 2306 contracto
1339 2242 1379 2304 (le
1401 2240 1474 2304 iure
1495 2261 1563 2304 non

312 2348 422 2429 potest
437 2343 655 2427 preiudicium
671 2342 741 2407 fieri
758 2363 817 2427 per
835 2342 1028 2407 secundum.
1072 2340 1129 2405 sed
1150 2340 1368 2425 sponsalibus.
1385 2340 1419 2403 in
1442 2339 1563 2424 quibus

312 2443 394 2508 tides
405 2449 538 2508 tantum
551 2443 715 2529 pactionis
731 2441 820 2507 facta
835 2449 896 2520 est,
908 2448 1026 2526 potest,
1040 2440 1165 2526 absque
1180 2441 1271 2505 omni
1288 2440 1436 2524 repudio,
1449 2446 1564 2524 postea

313 2542 512 2629 preiudicari
535 2564 594 2628 per
616 2541 712 2607 fidem
731 2563 920 2620 consensus,
937 2547 1084 2607 cessante
1105 2540 1209 2605 etiam
1231 2539 1321 2604 omni
1344 2540 1452 2604 cernis
1474 2559 1562 2603 com-

313 2643 475 2707 mixtione
505 2642 542 2705 in
571 2641 761 2706 huiusmodi
791 2640 930 2705 casibus.
990 2640 1041 2703 Ex
1080 2640 1248 2705 sentencia
1284 2638 1396 2725 itaque
1425 2637 1563 2724 ngari

313 2741 550 2827 archiepiscopi
580 2762 651 2807 non
687 2740 824 2805 inuenio
854 2740 944 2825 quod
981 2740 1074 2826 prior
1101 2738 1312 2826 desponsatio
1338 2737 1477 2804 tollatur
1505 2760 1564 2825 per

313 2840 477 2906 carnalem
493 2840 778 2907 confirmationem
794 2839 993 2925 posterioris,
1008 2840 1080 2905 siue
1102 2839 1184 2903 fides
1205 2838 1370 2924 pactionis
1393 2838 1464 2902 siue
1484 2837 1564 2901 fides

313 2947 500 3008 contractus
529 2943 566 3006 in
594 2940 768 3027 posteriori
798 2940 1053 3026 desponsatione
1083 2937 1157 3006 fuit.
1216 2939 1289 3005 Hec
1326 2939 1492 3004 sufficiant
1523 2939 1564 3002 de

313 3041 473 3107 soluenda
502 3041 756 3127 desponsatione
786 3046 920 3125 propter
946 3040 1160 3105 concubitum
1192 3044 1227 3105 et
1252 3039 1294 3103 de
1318 3039 1478 3123 inpeditis
1507 3060 1565 3124 per

313 3141 493 3208 sortiarias.
1510 3212 1513 3221 .

360 3238 392 3330 [p
409 3236 477 3328 27.]
503 3237 553 3304 De
569 3238 838 3326 confugientibus
854 3246 967 3302 autem
982 3238 1025 3303 ad
1042 3236 1233 3303 electionem
1247 3237 1392 3302 melioris
1404 3236 1565 3323 propositi

314 3339 431 3406 scribit
453 3338 617 3404 Eusebius
639 3360 726 3425 papa
747 3337 799 3401 his
825 3336 980 3402 uerbis⁴:
1015 3337 1232 3418 Democratem
1254 3339 1383 3418 puellam
1411 3360 1470 3399 nou
1496 3337 1565 3399 licet

307 3441 486 3523 pareatibus
506 3439 564 3501 alii
586 3440 655 3501 reiro
677 3438 808 3516 trudere,
823 3444 922 3500 diruere
944 3437 1014 3500 lieet
1035 3438 1092 3500 sibi
1110 3438 1318 3500 rnorartrrirrm
1340 3437 1453 3516 eligere.
1497 3456 1565 3499 non

314 3540 402 3606 enim
425 3538 502 3604 lieet
516 3536 710 3624 parentibus
730 3538 783 3601 uel
804 3536 869 3621 ipsi
884 3535 993 3620 puelle
1011 3541 1127 3602 eontra
1144 3536 1243 3600 fidem
1260 3536 1374 3602 uenire
1389 3535 1565 3621 pactionis,

315 3640 403 3706 sicut
418 3638 546 3703 dictum
562 3637 664 3701 estin
685 3637 814 3701 decreto
830 3635 984 3700 Ormisde
1003 3636 1120 3721 pape⁶.
1165 3634 1193 3700 si
1208 3642 1320 3701 tamen
1336 3644 1452 3700 contra
1467 3635 1565 3698 fidem

314 3738 497 3825 predictam
519 3736 673 3801 tradatur
692 3734 751 3800 alii
775 3736 858 3813 uim,
872 3758 937 3798 cam
953 3758 985 3798 eo
1001 3736 1138 3813 marcebit,
1153 3737 1206 3799 et⁶
1231 3737 1292 3816 apri
1309 3738 1348 3799 rle
1360 3736 1428 3818 fide
1442 3737 1565 3797 mentitu

314 3845 405 3919 operit
414 3837 625 3920 Jn-ntraaiam.
671 3835 813 3915 Quodsi
829 3835 866 3899 in
880 3834 1090 3919 sponsalibus
1109 3835 1351 3913 contrahendis,
1367 3855 1434 3899 uon
1451 3834 1566 3919 religio

314 3938 402 4015 fidei,
418 3939 475 4003 sed
498 3944 630 4001 tantum
652 3957 800 4001 arrarum
824 3935 918 4000 datio
941 3935 1026 4000 sorte
1045 3935 1236 4013 interuenit,
1256 3956 1374 4020 penam
1396 3935 1567 4019 pacientur

314 4059 467 4103 arrarum
487 4036 665 4121 dumtaxat
683 4043 836 4119 parentes
855 4033 975 4121 puelle,
1003 4035 1031 4099 si
1053 4042 1166 4099 tamen
1188 4032 1326 4120 prefatis
1347 4033 1565 4119 sponsalibus,

315 4144 494 4222 antequam
512 4135 659 4200 seeundo
678 4133 750 4200 uiro
765 4133 962 4211 traderetur,
977 4134 1254 4200 renuntiauerint.
1300 4134 1327 4198 si
1346 4155 1424 4198 uero
1446 4133 1479 4198 id
1498 4153 1566 4197 non

315 4237 472 4309 fecerunt,
496 4255 616 4319 penam
638 4233 740 4297 etiam
762 4233 900 4298 infamis
922 4232 1165 4297 sustinebuntl.
1212 4233 1247 4297 Si
1271 4255 1348 4298 uero
1371 4254 1439 4297 non
1462 4230 1566 4296 alium

316 4338 428 4401 uirum
444 4336 502 4399 sed
518 4333 754 4397 monasterium
771 4331 884 4419 puella
901 4333 1045 4417 elegerit,
1060 4332 1153 4396 nullo
1168 4354 1229 4397 nec
1246 4355 1397 4397 arrarum
1412 4354 1474 4396 nec
1489 4330 1567 4394 fidei

316 4436 461 4519 dampno
487 4431 706 4497 mulctabitur
728 4432 803 4517 ipsa
826 4430 880 4495 uel
908 4437 1060 4515 parentes
1085 4431 1163 4495 eius.
1209 4432 1306 4496 Vnde
1332 4431 1508 4514 Gregorius
1531 4430 1566 4492 in

315 4533 494 4619 1‘egistro⁸:
518 4532 645 4595 Decreta
662 4532 770 4611 offam
785 4531 990 4612 desperantem
1007 4529 1035 4591 ei
1049 4530 1184 4594 conuerti
1199 4531 1330 4593 uoluerit
1348 4531 1431 4593 nullo
1451 4530 1567 4592 omniuo

316 4642 493 4704 censuerant
507 4637 634 4718 darrpno
649 4636 798 4700 rusletarr'.
843 4656 921 4721 ergo
936 4655 997 4698 nec
1012 4635 1098 4709 fidei,
1121 4635 1270 4720 namqui
1293 4657 1334 4699 ex
1358 4634 1447 4699 iusta
1470 4657 1567 4699 causa

316 4740 415 4804 fidem
439 4735 572 4813 deserit,
592 4757 664 4800 eam
690 4755 759 4800 non
785 4735 920 4803 uidetur
945 4734 1090 4798 mentiri.
1135 4734 1188 4799 vel
1212 4734 1357 4799 dicemus
1379 4755 1447 4798 non
1466 4734 1567 4798 fuisse

349 4915 357 4945 ¹
375 4912 544 4993 Apparently
556 4911 703 4988 the-Palea,
716 4926 739 4959 e.
752 4924 791 4973 51,
803 4911 833 4960 0.
848 4922 885 4973 η.
899 4926 925 4972 q.
942 4926 963 4960 2.
981 4978 986 4987 Ι
1128 4910 1138 4939 ²
1154 4911 1207 4960 Not
1218 4925 1254 4959 an
1266 4912 1343 4958 exact
1352 4910 1502 4971 quotation.

350 4980 360 5009 ⁸
377 4984 510 5027 casamarii
522 4977 676 5037 ruterlmed,
691 4978 804 5038 perhaps
816 4977 1025 5039 unueeessarrly.
1040 4976 1093 5025 MS.
1269 4976 1278 5005 ⁴
1295 4992 1318 5025 c.
1333 4989 1370 5038 27,
1384 4976 1412 5025 G.
1427 4984 1464 5036 27.
1479 4988 1501 5022 ι.
1551 4986 1555 4999 ·

351 5045 362 5075 ⁸
378 5061 398 5093 e.
412 5058 450 5109 51,
465 5060 486 5093 e.
499 5060 524 5109 q.
667 5044 677 5075 ⁰
693 5043 767 5093 omit
779 5048 805 5104 et,
825 5042 879 5092 MS.
1024 5040 1033 5070 ²
1051 5043 1110 5105 Dig.
1124 5055 1147 5104 3.
1161 5057 1182 5091 a.
1198 5055 1218 5090 1.
1361 5042 1370 5069 ⁸
1386 5056 1409 5092 e.
1423 5042 1461 5103 28,
1474 5056 1495 5088 e.
1508 5055 1533 5102 q.
