3550 5875
382 1083 462 1150 HIC
485 1084 657 1151 INCIPIT
679 1084 873 1166 QUEDAM
897 1085 1059 1152 SUMM'A
1082 1085 1143 1151 DE
1165 1085 1461 1152 MATRIMONIO

690 1215 909 1281 MAGISTRI
931 1214 1155 1280 VAOAR111.

341 1408 375 1502 [ᾗ
393 1410 436 1501 n]
461 1412 537 1478 Duo
559 1412 631 1478 sola
652 1418 817 1498 suntque
838 1412 999 1478 audacem
1021 1435 1074 1479 me
1098 1435 1228 1500 semper
1249 1413 1379 1479 faciunt
1400 1414 1443 1479 ad
1466 1414 1546 1479 scri·

294 1511 450 1588 bendum,
475 1512 627 1578 uidelicet
656 1512 839 1578 communis
866 1512 997 1577 utilitas
1023 1520 1057 1579 et
1083 1514 1237 1580 ueritatis
1264 1535 1364 1579 amor.
1409 1513 1548 1598 etquis

284 1613 454 1697 ,scriptum
483 1618 533 1678 est
566 1611 689 1692 Querite
715 1618 744 1674 el
775 1613 944 1688 inimicos,
964 1614 1085 1692 putate
1110 1621 1139 1677 et
1168 1615 1320 1694 operietur
1351 1612 1442 1686 erotis,
1469 1613 1548 1677 binc

294 1711 418 1776 etenim
433 1710 518 1776 illud
533 1710 742 1797 peculiariter
757 1710 843 1776 solet
858 1711 1005 1777 accidere
1021 1712 1223 1791 mirandum,
1239 1718 1278 1776 ut
1294 1711 1384 1797 quod
1399 1711 1548 1776 sciencia

294 1831 361 1877 non
381 1809 482 1875 habet
502 1810 537 1874 id
558 1808 752 1896 plerumque
771 1808 962 1876 sollicitudo
982 1817 1016 1876 et
1035 1811 1183 1877 studium
1202 1811 1371 1898 querentis
1386 1809 1548 1886 inueniat,

294 1908 383 1974 sicut
397 1915 431 1974 et
445 1909 529 1973 mihi
543 1908 666 1974 accidit
681 1909 717 1974 in
732 1931 770 1974 eo
786 1907 947 1995 opusculo
961 1911 1050 1995 quod
1065 1911 1103 1973 de
1116 1910 1233 1974 homine
1246 1916 1396 1991 mszrmpto
1416 1909 1544 1993 scripsi.

294 2029 364 2072 rem
387 2006 510 2094 quippe
531 2007 669 2072 arduam
691 2013 726 2073 et
747 2029 818 2073 mee
844 2009 1024 2093 paruitatis
1048 2009 1224 2075 scienciam
1246 2014 1280 2073 et
1305 2009 1394 2074 uires
1420 2007 1547 2094 ingenii

295 2106 361 2170 mei
394 2106 618 2186 excedentem,
647 2105 734 2172 dono
769 2105 873 2193 magis
906 2106 1015 2172 diuini
1049 2109 1196 2174 muneris
1233 2113 1429 2194 prosecutus
1464 2129 1547 2171 sum.

296 2201 330 2292 [t
348 2202 393 2293 2.]
418 2203 519 2270 Nunc
541 2227 671 2292 quoque
693 2228 761 2270 rem
783 2227 853 2270 non
875 2206 1049 2272 minimam
1076 2207 1250 2294 aggredior
1272 2208 1330 2272 sed
1353 2228 1373 2271 a
1395 2206 1548 2292 pluribus

295 2304 431 2389 quidem
463 2304 631 2390 magistris
658 2310 905 2391 attemptatam.
950 2329 971 2372 a
999 2306 1092 2372 nullo
1122 2328 1200 2372 uero
1230 2308 1339 2393 reperi
1368 2306 1405 2369 in
1433 2303 1547 2390 aliquo

294 2403 498 2489 expeditam,
525 2403 654 2468 scilicet
679 2403 720 2469 de
746 2403 979 2470 coniunctione
1008 2412 1042 2470 et
1065 2404 1282 2471 dissolutione
1304 2405 1459 2490 coniugii,
1482 2426 1546 2490 que

295 2499 396 2567 aliter
410 2523 432 2566 a
447 2503 519 2567 iure
534 2502 626 2568 ciuili
642 2509 676 2568 et
691 2503 789 2588 longe
811 2500 910 2567 aliter
927 2503 970 2567 ab
986 2503 1207 2570 ecclesiastico
1227 2504 1299 2568 iure
1315 2504 1545 2587 disponuntur,

295 2601 451 2686 quamuis
473 2600 588 2665 eedem
611 2602 792 2666 secundum
816 2607 994 2688 utrumque
1014 2602 1066 2666 ius
1086 2603 1133 2667 sit
1154 2603 1359 2668 matrimonii
1379 2602 1546 2667 diffinitio.

297 2696 359 2764 Est
374 2720 450 2785 ergo
466 2721 518 2765 res
535 2700 602 2765 ista
617 2699 761 2785 plurima
776 2700 971 2767 diuersitate
986 2707 1021 2766 et
1035 2700 1232 2767 difficultate
1247 2703 1394 2779 confusa,
1409 2707 1444 2766 et
1459 2700 1547 2765 nube

294 2797 393 2885 plena
427 2798 513 2864 circa
551 2806 729 2886 utrumque
762 2800 954 2877 articulum,
983 2800 1119 2879 scilicet,
1149 2799 1371 2887 copulationis
1406 2805 1441 2864 et
1476 2799 1545 2863 dis-

295 2897 477 2964 iunctionis
509 2897 666 2986 coniugii.
719 2920 783 2985 que
815 2919 874 2986 per
912 2898 1145 2987 magistrorum
1183 2899 1424 2986 expositionem
1460 2898 1543 2963 mihi

295 2997 401 3083 magis
416 2997 554 3063 turbata
569 2997 712 3079 uidetur,
726 3005 797 3064 tam
813 3021 923 3064 rerum
942 3022 1042 3086 quam
1057 2999 1231 3064 nominum
1248 2999 1423 3065 ueritatem
1440 2998 1546 3085 ipsam

295 3098 588 3182 corrumpentium,
614 3097 676 3164 tali
704 3099 873 3183 proposita
907 3097 1145 3177 diuinatione²,
1172 3100 1260 3184 quod
1291 3098 1543 3163 matrimonium

294 3195 387 3261 aliud
409 3202 461 3261 est
483 3195 658 3261 iniciatum
681 3204 824 3275 tantum,
846 3196 940 3262 aliud
962 3198 1138 3262 iuiciatum
1161 3208 1196 3263 et
1217 3204 1483 3263 consummatum
1511 3204 1546 3262 et

294 3314 363 3359 non
391 3301 509 3373 ratum,
531 3293 624 3359 aliud
647 3295 820 3360 iniciatam
843 3303 877 3361 et
899 3302 1165 3362 consummatum
1189 3304 1223 3361 et
1245 3304 1355 3361 ratum
1378 3296 1449 3360 siue
1471 3316 1545 3379 per·

294 3394 451 3459 fectum³.
496 3400 539 3471 et,
568 3400 608 3457 ut
634 3402 742 3459 cetera
770 3393 905 3459 interim
935 3396 1096 3469 omittam,
1124 3393 1294 3459 iniciatam
1328 3393 1448 3459 uolunt
1477 3416 1547 3460 esse

295 3492 544 3557 matrimonium
561 3493 596 3556 in
612 3492 819 3578 sponsalibus
830 3492 854 3557 ⁴.
898 3489 930 3581 [ξ
946 3489 991 3580 3.]
1016 3493 1102 3557 Mihi
1117 3502 1227 3558 autem
1237 3494 1369 3558 uidetur
1385 3492 1420 3557 id
1435 3492 1543 3559 solum

295 3591 413 3656 debere
435 3591 502 3657 dici
525 3591 696 3656 initiatum
721 3593 809 3677 quod
832 3591 881 3656 ita
906 3591 975 3657 suis
1001 3592 1261 3677 proprietatibus
1287 3592 1468 3657 formatum
1493 3604 1545 3658 est

295 3698 395 3776 atque
413 3689 594 3755 subnixum
615 3697 653 3755 ut
671 3691 737 3755 iam
757 3690 899 3756 sufficiat
919 3691 1012 3755 adid
1033 3691 1261 3777 exequendum
1277 3692 1372 3757 cuius
1390 3700 1542 3776 respectu

294 3789 418 3854 dicitur
447 3788 631 3854 iniciatum.
675 3790 725 3855 ita
753 3790 841 3854 enim
874 3789 1014 3855 dicimus
1045 3791 1258 3867 sacerdotem,
1288 3789 1343 3856 uel
1375 3791 1546 3856 misticum

295 3888 464 3975 poculum,
480 3887 533 3952 uel
549 3887 767 3954 christianum
782 3888 957 3954 iniciatum
972 3890 1031 3976 qui
1049 3889 1150 3955 etiam
1166 3890 1265 3956 fictus
1281 3890 1324 3953 ad
1340 3890 1543 3974 baptismum

295 3986 443 4053 accessit.
496 3986 631 4051 initium
660 3989 748 4051 enim
780 3988 882 4053 habet
913 3989 1095 4076 perfectum
1126 4010 1168 4054 ex
1207 4010 1272 4074 quo
1307 3987 1400 4073 sequi
1429 3994 1540 4073 potest

296 4088 431 4152 effectus
456 4086 583 4151 salutis.
628 4087 735 4151 etita
760 4087 796 4150 in
822 4088 947 4166 ceteris,
970 4092 1004 4153 et
1029 4088 1065 4151 in
1091 4087 1314 4152 matrimonio.
1359 4109 1412 4152 res
1439 4086 1545 4173 igitur

299 4186 367 4251 ficti
386 4185 581 4251 christiani⁶
596 4190 759 4272 quantum
769 4186 813 4252 ad
827 4187 963 4252 initium
981 4186 1126 4273 perfecta
1140 4193 1202 4263 est,
1214 4186 1243 4250 si
1258 4191 1389 4250 tantum
1402 4186 1545 4271 perfecte

296 4287 342 4352 sit
376 4286 541 4352 iniciatus.
585 4294 735 4369 respectu
766 4307 844 4350 uero
878 4285 1086 4351 executionis
1115 4276 1171 4349 ¹cst
1210 4290 1342 4349 tautum
1378 4285 1545 4350 inchoata.

297 4386 384 4451 uude
399 4385 607 4471 Augustinus
629 4386 671 4449 de
690 4384 845 4469 operibus
868 4384 915 4448 vi.
929 4384 1057 4448 dierum
1075 4383 1125 4449 ita
1143 4382 1300 4448 scribitss:
1324 4385 1545 4446 Corrrcmmosse

296 4485 403 4570 quippe
418 4484 476 4569 istu
492 4485 686 4564 iutelliqimca
703 4485 798 4559 deum,
813 4505 878 4546 rom
893 4484 1006 4546 necuit
1022 4481 1117 4545 omnia
1135 4482 1227 4545 notul
1246 4484 1289 4545 ito
1304 4488 1436 4567 ,reperte
1453 4489 1488 4545 ct
1503 4483 1550 4544 nil

296 4587 324 4649 ei
339 4585 372 4647 ia
386 4584 489 4647 ordine
503 4590 662 4665 temporum
678 4583 776 4646 eltae
789 4584 946 4646 creantem
967 4588 1049 4659 esset,
1064 4583 1143 4665 quod
1162 4604 1220 4645 noa
1239 4582 1289 4644 lic
1307 4583 1344 4643 ob
1364 4605 1396 4643 eo
1416 4589 1547 4646 creatum
1616 4572 1621 4580 ’

332 4737 338 4766 ¹
355 4735 412 4785 The
423 4735 601 4799 punctuation
613 4734 668 4783 and
680 4734 798 4783 division
810 4734 868 4782 into
880 4734 997 4782 sections
1009 4733 1120 4796 proceed
1132 4733 1200 4782 from
1213 4733 1261 4782 the
1272 4732 1371 4782 editor.

327 4802 338 4831 ²
354 4805 440 4850 auam
452 4802 481 4850 in
493 4803 559 4860 text,
572 4802 621 4848 but
633 4804 779 4849 distinctione
791 4800 820 4848 in
832 4802 947 4861 margin.

330 4868 339 4898 ¹
356 4869 460 4916 dictum
472 4870 532 4929 poet
543 4883 565 4916 c.
579 4881 619 4931 39,
632 4867 661 4915 G.
675 4876 713 4929 η.
727 4881 754 4927 q.
768 4880 780 4914 ι
793 4881 801 4925 3
818 4866 922 4914 dictum
935 4867 994 4927 post·
1005 4881 1026 4913 c
1041 4875 1078 4925 17,
1093 4865 1122 4913 C.
1136 4866 1173 4914 28.
1187 4879 1213 4926 q.
1229 4876 1251 4914 1.

328 4932 338 4961 ⁴
355 4935 459 4982 dictum
471 4936 531 4996 post
542 4949 564 4982 c.
579 4945 619 4992 34,
632 4933 661 4981 C.
676 4942 713 4994 27.
727 4948 752 4993 q.
769 4948 790 4980 s.
1022 4932 1032 4961 ⁵
1049 4931 1097 4977 See
1109 4946 1133 4979 e.
1144 4944 1173 4990 3²
1188 4933 1200 4986 5
1216 4945 1238 4987 2,
1253 4930 1321 4978 Dist.
1334 4946 1350 4990 ⁴
1362 4929 1396 4976 dc
1406 4944 1478 4978 cons.

327 4997 452 5047 ‘words
469 5002 497 5047 to
513 4999 569 5047 this
585 4998 663 5046 effect
680 5013 725 5047 aro
743 4998 808 5047 used
826 4997 862 5059 by
875 4996 1019 5059 Augustis,
1038 4996 1072 5044 de
1089 4996 1195 5056 Genesi,
1213 4996 1260 5045 lib.
1280 5009 1305 5059 9,
1324 5010 1380 5055 esp.
1402 5008 1411 5044 1
1433 4995 1546 5059 (iligna,

296 5066 395 5116 Patrol.
408 5066 459 5115 rol.
474 5078 514 5128 34,
528 5065 576 5114 col.
592 5065 658 5128 393).
823 5068 827 5075 '
