3550 5875
393 565 570 665 Moqistrd
590 564 744 641 vocarit
769 564 926 640 Summa
953 563 1001 640 de
1027 561 1282 639 Matrimonia.
1425 580 1465 638 66

208 791 304 856 fiant
334 789 386 853 Ex
401 788 454 854 his
469 789 560 854 oredi
576 792 687 874 potest
701 786 790 875 quod
805 787 1011 854 matrimonii
1027 791 1270 853 saeramentum
1286 782 1466 850 insolubile

208 892 251 953 111
265 889 371 974 magis
386 887 457 953 iure
475 887 581 973 ipsius
594 886 724 952 ⁸federis
745 909 847 973 quam
868 887 1068 953 executione
1087 885 1224 952 6616611.
1270 882 1304 973 [q
1320 882 1388 970 35.]
1413 882 1465 949 De

209 987 333 1053 Alexio
358 994 392 1051 et
414 987 556 1052 Aehatio
585 985 776 1072 responderi
800 991 913 1072 potest
941 987 1033 1073 quod
1061 1007 1130 1051 non
1156 1006 1273 1050 eorum
1302 983 1465 1069 exemplis

209 1084 428 1152 iudicandum
442 1094 493 1151 661
507 1085 564 1151 sed
578 1085 718 1171 legibus.
762 1092 833 1163 aut,
848 1085 878 1150 si
893 1085 985 1151 aliud
1005 1107 1073 1151 non
1092 1088 1262 1170 appareat,
1283 1082 1371 1148 diost
1390 1082 1466 1169 quis

209 1185 302 1272 quod
331 1207 473 1251 uxorum
502 1185 693 1251 habuerunt
719 1205 899 1251 assensum
940 1185 1030 1272 quod
1055 1183 1271 1251 uerisimilius
1299 1189 1360 1248 est.
1404 1187 1466 1247 aut

209 1286 299 1350 forte
320 1284 477 1371 sublege
499 1285 634 1350 suerunt
655 1284 806 1364 diuortii,
826 1306 892 1372 que
914 1285 952 1351 in
974 1284 1114 1352 66616616
1134 1284 1193 1350 (116
1214 1290 1294 1371 post
1314 1289 1466 1371 tempora

209 1384 392 1449 Iustiniani
414 1384 563 1450 durauit.

257 1486 290 1569 [1
304 1484 372 1570 36.]
405 1484 471 1549 Sed
500 1489 535 1550 et
563 1483 594 1549 si
623 1482 808 1549 dixerimus
832 1483 940 1570 legem
969 1483 1108 1551 diuortii
1130 1483 1233 1550 etiam
1261 1481 1361 1549 hodie
1386 1486 1465 1549 ante

212 1584 426 1649 eonoubitum
441 1604 482 1648 ex
498 1582 597 1649 oertis
609 1582 695 1649 forte
709 1584 818 1650 6611616
833 1583 944 1650 ioeum
957 1583 1091 1664 habere,
1102 1605 1184 1649 num
1198 1583 1274 1649 ideo
1288 1580 1465 1647 dioendum

212 1690 266 1748 est
301 1689 384 1747 tune
419 1683 671 1748 matrimonium
704 1704 775 1749 non
804 1705 877 1750 6666
904 1682 1052 1750 66116611
1106 1682 1195 1751 vnde
1226 1681 1377 1769 procedit
1404 1681 1465 1747 1166

211 1782 390 1848 (1161166116
405 1781 467 1846 rati
482 1783 536 1846 661
550 1781 759 1869 significatio,
774 1788 814 1849 ut
836 1781 872 1847 id
893 1783 1028 1848 demum
1043 1782 1164 1848 debeat
1178 1781 1245 1849 diri
1260 1787 1361 1848 ratam
1375 1780 1465 1866 quod

211 1903 284 1947 non
305 1886 416 1968 potest
439 1880 549 1948 soluit
603 1881 794 1947 Seeundum
815 1882 879 1950 hoe
902 1882 1033 1948 nullum
1054 1880 1260 1969 coniugium,
1284 1901 1346 1948 666
1368 1879 1465 1946 beate

213 1981 367 2068 uirginis,
380 1981 417 2046 in
432 1980 539 2048 ueteri
558 1981 630 2068 lege
650 1981 705 2047 661
727 1981 764 2046 in
786 1981 924 2049 66616616
944 2003 1049 2069 usque
1070 1981 1114 2047 ad
1133 1977 1466 2070 16166616166116613

214 2081 281 2146 fuit
302 2088 478 2160 16166666
499 2086 640 2166 exeepto
662 2081 699 2145 iu
721 2081 827 2146 ueteri
848 2081 923 2167 lege
943 2083 1002 2169 qui
1020 2080 1165 2167 puellam
1184 2103 1206 2147 a
1225 2102 1261 2147 se
1276 2101 1466 2167 oppressam

213 2201 285 2245 non
300 2180 532 2266 desponsatam
547 2179 701 2250 duxerat.
730 2200 809 2245 nam
824 2179 915 2246 solus
929 2180 1000 2267 ipse
1015 2180 1158 2248 diuoroii
1172 2179 1278 2267 legem
1289 2178 1467 2247 amittebat

215 2290 353 2370 propter
377 2281 541 2350 uioleneie
569 2283 739 2350 delictum.
793 2305 834 2350 ea
861 2284 994 2350 rasione
1016 2305 1059 2350 ex
1086 2283 1191 2369 ipsius
1215 2291 1348 2350 tantum
1371 2290 1467 2367 parte

212 2388 326 2448 ratum
341 2388 413 2447 erat
426 2382 685 2460 matrimonium,
699 2383 759 2468 qui
775 2382 866 2449 solus
880 2384 1044 2450 diuertere
1057 2383 1102 2450 ab
1118 2405 1221 2451 uxore
1239 2405 1308 2449 non
1325 2387 1468 2470 poterat.

216 2504 297 2547 uero
321 2482 428 2566 magis
451 2487 586 2568 propter
607 2481 742 2567 eulpam
765 2503 866 2569 quam
887 2489 1026 2570 propter
1051 2483 1219 2550 iusticiam
1243 2488 1354 2549 ratum
1375 2482 1469 2547 fieret

216 2580 407 2646 huiusmodi
422 2580 624 2666 coniugium.
657 2581 731 2648 Hoo
746 2588 859 2647 autem
875 2583 1039 2649 absonum
1055 2583 1189 2648 uidetur
1203 2590 1321 2649 utnon
1334 2581 1468 2650 16611616

216 2681 353 2767 proprio
367 2678 487 2745 merito
501 2681 694 2768 coniugium
715 2688 827 2747 ratum
848 2681 903 2748 661
923 2704 991 2748 666
1005 2688 1116 2748 161616
1130 2682 1273 2758 (1166161,
1287 2682 1346 2748 sed
1361 2682 1468 2769 magis

217 2778 251 2843 id
266 2779 426 2864 penderat
440 2800 483 2844 ex
497 2779 571 2866 lege
585 2780 736 2847 diuoreii.
782 2802 860 2846 nam
880 2781 909 2847 si
926 2782 1044 2849 ieoiroo
1066 2781 1194 2868 aliquid
1214 2781 1339 2848 dieitur
1356 2788 1467 2847 ratum

216 2879 296 2965 quia
318 2879 406 2944 solui
426 2900 497 2945 non
518 2886 640 2966 potest,
654 2879 769 2946 nullus
791 2887 981 2948 6661166166
1004 2882 1184 2949 habebitur
1204 2888 1306 2962 ratus,
1321 2881 1467 2948 maxime

216 2979 372 3059 societas,
386 2979 423 3043 in
438 2999 506 3066 qua
519 3001 617 3045 nemo
634 2981 764 3047 inuitus
783 2981 963 3046 detinetur.
1008 2983 1065 3047 sed
1080 3003 1142 3048 666
1156 2982 1257 3048 611661
1272 2982 1467 3048 mandatum

217 3079 304 3143 erit³
330 3085 452 3144 ratum.
497 3078 584 3143 male
608 3079 713 3165 igitur
738 3081 987 3171 eomparabitur
1016 3083 1082 3148 rati
1108 3082 1245 3162 habitin,
1270 3102 1346 3147 oum
1370 3102 1468 3148 omne

217 3177 413 3242 mandatum
433 3178 541 3263 possit
562 3178 658 3243 solui.
702 3177 784 3245 item
807 3181 836 3244 si
856 3180 894 3244 id
915 3186 1048 3247 tantum
1070 3187 1180 3247 ratum
1205 3181 1328 3247 dicitur
1349 3180 1467 3247 matri·

216 3277 365 3342 monium
387 3277 477 3363 quod
504 3275 590 3343 solui
614 3285 767 3364 nequeat,
792 3280 845 3345 uel
867 3280 1002 3346 irritum
1025 3281 1105 3360 fieri,
1125 3303 1164 3347 ea
1186 3279 1315 3347 ratione
1336 3281 1468 3353 nullum

220 3382 456 3442 testamentum
466 3384 576 3442 ratum
588 3378 662 3457 erit,
673 3399 749 3444 oum
761 3399 857 3445 omne
868 3385 1106 3445 testamentum
1117 3380 1235 3466 eapitis
1246 3380 1469 3446 diminutione

217 3475 323 3561 possit
345 3477 480 3541 irritum
506 3477 589 3541 fieri.
635 3477 677 3541 In
699 3483 771 3543 toto
798 3487 910 3544 autem
935 3500 1070 3565 corpore
1100 3479 1183 3546 iuris
1212 3480 1248 3545 id
1273 3488 1468 3545 6616616666
1593 3489 1607 3517 ·

217 3575 343 3640 dieitur
357 3575 448 3661 quod
466 3575 507 3640 de
529 3575 600 3640 iure
624 3576 721 3654 ualet,
737 3577 790 3641 uel
812 3579 944 3644 (161616
962 3580 1132 3665 probatur,
1148 3586 1182 3646 et
1200 3582 1229 3645 si
1248 3580 1335 3646 solui
1352 3581 1468 3666 possit,

219 3680 254 3738 et
268 3682 403 3739 eatenus
424 3673 565 3739 habetur
581 3682 692 3739 ratum
714 3683 879 3762 quatenus
903 3684 1013 3743 ratum
1037 3680 1207 3765 probatur,
1221 3686 1257 3745 et
1278 3681 1313 3745 id
1334 3687 1468 3744 tantum

220 3773 309 3859 quod
331 3781 382 3838 est
397 3772 537 3838 eontra*
553 3774 657 3859 legem
673 3795 741 3841 non
756 3781 866 3840 ratum
882 3798 954 3842 esse
969 3778 1103 3844 dieitur.
1148 3779 1236 3843 vnde
1250 3785 1363 3863 pretor
1376 3779 1447 3843 611ὀ
1460 3804 1467 3845 :

223 3873 311 3952 Quod
325 3877 1008 3953 6616666666966166666116166666616166.
1052 3879 1135 3963 quid
1149 3878 1211 3944 hoo
1225 3879 1318 3943 aliud
1338 3879 1378 3943 de
1395 3878 1469 3944 iure

218 3977 330 4036 ratum
345 3971 459 4037 haberi
475 3994 574 4058 quam
590 3971 631 4037 de
646 3973 718 4038 iure
732 3973 891 4059 probarit
930 3977 977 4042 616
992 3977 1079 4041 enim
1094 3977 1236 4042 (11616166
1251 4000 1272 4042 6
1289 3986 1467 4043 meretum

218 4070 332 4135 haberi
352 4072 478 4158 quoda
496 4094 548 4136 me
568 4072 738 4158 probatur.
782 4074 870 4138 vnde
893 4074 1135 4162 Pomponius⁶:
1159 4078 1196 4142 si
1217 4080 1405 4159 6696616166
1428 4084 1467 4154 16,

218 4172 354 4253 quamuis
383 4172 459 4233 made
482 4176 606 4253 6661666,
629 4173 801 4252 predonem,
826 4173 862 4237 id
893 4183 953 4253 est,
980 4183 1090 4240 ratum
1119 4176 1276 4242 habuero·
1330 4184 1366 4243 61
1393 4177 1469 4244 11160

220 4267 387 4355 sequitur:
417 4269 579 4333 Videndum
595 4271 679 4334 66111
696 4271 749 4334 doe
766 4272 855 4336 dudio
877 4295 918 4335 66
935 4282 1034 4337 radam
1054 4275 1184 4357 studeam,
1198 4277 1233 4341 id
1248 4283 1307 4352 est,
1322 4276 1467 4361 probem,

219 4374 280 4433 ete.
326 4366 359 4459 [1
375 4365 443 4456 37.]
467 4369 578 4449 Quare
593 4370 621 4434 si
640 4376 749 4436 ratum
770 4378 822 4437 est
836 4375 1086 4439 matrimonium
1109 4376 1189 4462 quia
1210 4375 1251 4442 de
1272 4377 1344 4442 iure
1366 4374 1468 4456 ualet,

219 4472 329 4531 ratum
367 4466 557 4533 habendum
595 4475 646 4535 est
682 4471 933 4538 matrimonium
963 4473 1063 4539 etiam
1093 4474 1287 4540 infidelium.
1346 4475 1467 4561 quibus

219 4558 390 4652 respondit
411 4567 567 4633 dominus
588 4569 677 4654 quod
699 4592 756 4634 666
780 4570 869 4634 116661
891 4573 1468 4656 66666116111616,616111661112666

253 4730 259 4759 ¹
279 4733 343 4782 dict.
356 4737 415 4795 post
427 4751 448 4785 6.
466 4745 502 4799 17,
518 4736 545 4784 O.
560 4737 597 4785 28.
612 4751 636 4798 q.
654 4750 676 4785 1.
815 4737 825 4766 ²
841 4739 961 4798 816118.
1095 4742 1105 4771 ⁸
1122 4746 1166 4790 erit
1175 4742 1307 4805 repeated,
1320 4741 1374 4791 MS.

252 4800 262 4826 ⁴
279 4803 340 4857 66611
350 4807 452 4849 66666116
463 4802 631 4864 apparently,
646 4802 700 4852 MS.
934 4808 944 4835 ⁵
960 4806 1020 4867 Dig.
1033 4823 1056 4869 4.
1073 4821 1093 4855 2.
1111 4821 1131 4855 1.

252 4864 338 4925 ‘Dig.
357 4878 380 4925 3.
400 4880 423 4926 5.
444 4867 459 4913 8
477 4870 534 4929 (9)=
557 4868 701 4917 ‘Scaeuola
717 4869 787 4917 libro
803 4872 893 4931 primo
910 4873 1116 4932 quaestionum:
1141 4873 1304 4936 Pomponius
1324 4874 1425 4934 scribit,
1444 4876 1470 4922 si
1506 4905 1508 4908 >

219 4931 357 4989 negotium
369 4945 385 4978 a
397 4935 423 4979 te
435 4935 560 4992 quamvis
570 4933 641 4982 male
653 4938 758 4996 gestum
768 4937 923 4999 probavero,
934 4939 1101 4999 negotiorum
1113 4942 1205 4987 tumen
1216 4941 1351 5000 gestorum
1361 4942 1387 4988 te
1399 4940 1470 4988 mihi

220 5010 275 5043 non
294 4997 387 5045 teneri.
422 4998 569 5049 videndum
585 5014 647 5062 ergo
662 5015 696 5049 ne
713 5000 743 5049 in
754 5001 837 5051 dubio
853 5001 911 5065 1166,
926 5019 961 5053 au
979 5006 1068 5053 ratum
1081 5005 1202 5067 habeam,
1216 5006 1285 5055 actio
1301 5007 1469 5069 negotiorum

219 5064 353 5123 gestorum
365 5062 500 5125 pendeat?
