3550 5875
405 541 582 643 Magistri
609 542 759 619 Vaaam‘i
784 544 940 620 Samma
967 540 1012 617 de
1039 541 1287 618 Matrimonia.
1434 567 1472 622 19

219 765 388 850 accipitur,
411 765 558 830 ostendit
582 766 790 851 Augustinus
819 765 871 830 ita
896 763 1086 830 seribens¹:
1117 765 1192 827 Nall
1216 765 1319 829 timere
1341 768 1473 849 arripere

219 863 353 927 Mariam
374 867 523 945 coniugem
546 871 637 930 taam.
681 888 739 950 qao
760 887 890 927 sermome
912 887 1046 946 sponsam
1069 865 1216 944 coniugem
1238 865 1381 945 nominat,
1399 867 1471 949 qaia

205 965 325 1046 satura
340 969 405 1027 erat
420 965 537 1028 canius.
585 964 650 1029 Sed
665 964 798 1050 quando
813 970 884 1028 erat
900 965 959 1029 hoc
974 962 1179 1043 futu1·a,nisi
1195 965 1328 1049 quando
1343 966 1472 1051 accipe·

218 1064 336 1129 returl
378 1084 457 1128 nam
487 1063 631 1130 carnalis
660 1064 753 1129 nulla
782 1065 897 1128 futura
925 1069 997 1128 erat
1028 1063 1231 1129 commixtio.
1286 1064 1351 1128 Sed
1382 1065 1472 1130 dicet

218 1162 356 1248 aliquis:
396 1162 468 1228 Iam
500 1163 747 1242 cohabitabant,
776 1163 910 1250 quaudo
940 1183 1017 1248 ergo
1047 1170 1182 1248 accepta
1210 1165 1283 1229 estl
1337 1164 1472 1249 quando

218 1267 345 1332 scilicet
360 1268 474 1332 uxoris
489 1268 661 1334 affectione
676 1290 748 1332 eam
764 1267 885 1332 habere
902 1268 997 1353 cepit.
1043 1274 1124 1331 tune
1140 1289 1216 1332 uero
1232 1269 1327 1353 quasi
1345 1268 1472 1333 tradita

218 1367 255 1429 in
276 1388 414 1431 uxorem
434 1367 642 1449 intelligitur,
656 1368 737 1453 quia
755 1388 813 1453 per
827 1366 1106 1432 cohabitationem
1123 1366 1193 1431 eius
1209 1365 1354 1432 habebat
1368 1368 1471 1433 facul-

217 1472 332 1531 tatem.
380 1463 412 1555 [t
440 1467 504 1551 14]
542 1467 609 1532 Sed
639 1466 804 1532 Iohannes
835 1466 881 1531 Os
914 1467 1064 1530 Aureum
1093 1467 1129 1529 in
1159 1466 1343 1551 ewangelio
1372 1487 1472 1553 super

173 1598 177 1602 ’
218 1565 390 1630 Matheum
412 1566 465 1630 his
487 1567 710 1633 contradicere
734 1567 869 1631 uidetur
893 1565 1082 1631 scribens²z
1115 1565 1188 1628 Noli
1212 1567 1314 1627 timere
1341 1568 1472 1648 acumem

218 1664 351 1727 Mariam
380 1669 529 1746 coniugem
558 1673 649 1744 tuam,
673 1688 730 1752 qao
759 1686 888 1729 sermome
917 1687 1051 1747 sponsam
1081 1663 1283 1747 simpliciter³
1313 1665 1471 1730 amicalis.

217 1762 304 1830 Item
327 1765 364 1829 in
385 1765 498 1830 eadem
521 1764 681 1830 omelia⁴:
706 1765 792 1828 Simt
812 1765 889 1828 enim
909 1764 995 1827 illam
1004 1771 1111 1847 postea
1134 1755 1311 1828 eammesdat
1334 1765 1472 1830 Christus

217 1863 281 1945 lpse
294 1865 449 1947 discipulo,
461 1866 504 1928 sie
519 1865 609 1929 etiam
621 1888 699 1929 auae
709 1865 832 1946 augelus
842 1864 963 1946 copulat
973 1886 1087 1945 sponso,
1099 1887 1158 1926 aaa
1171 1865 1203 1925 ia
1209 1864 1305 1946 fedam
1315 1865 1472 1946 sollempne

216 1964 356 2044 sortiarii,
371 1967 422 2027 sed
438 1965 470 2027 in
485 1965 660 2028 consortium
675 1965 834 2028 commanis
849 1964 1023 2027 habitaculi.
1069 1962 1157 2029 Item
1167 1962 1201 2028 ⁵:
1224 1963 1257 2026 St
1272 1965 1350 2027 enim
1368 1986 1471 2044 sommo·

217 2061 310 2126 uisset
327 2085 391 2127 eam
413 2070 442 2127 et
462 2065 523 2128 loco
543 2065 644 2128 aroris
666 2064 822 2144 latuisset,
838 2065 978 2148 quomado
1000 2063 1085 2130 illam
1102 2064 1239 2126 (teatinus
1256 2064 1342 2148 quasi
1364 2064 1471 2148 absque

216 2163 324 2225 solatio
338 2164 484 2244 disemalo
499 2166 719 2244 commendaret,
732 2165 833 2227 iubens
848 2164 900 2226 illi
914 2170 949 2226 al
963 2186 1027 2226 eam
1041 2164 1180 2244 rem'peret
1197 2163 1228 2225 ia
1242 2185 1325 2226 suam
1337 2161 1355 2225 l
1384 2163 1470 2228 Item
1492 2215 1496 2224 .

216 2261 413 2348 leronymus
429 2264 466 2327 in
483 2264 597 2330 eodem
616 2264 837 2350 ewangelio⁶:
865 2263 977 2328 Gemuit
999 2262 1103 2344 Iosepl
1126 2264 1226 2326 airam
1248 2263 1372 2326 Maris:
1399 2265 1470 2327 Cam

217 2362 351 2427 ‘airam'
372 2365 513 2441 amliers's,
528 2366 656 2445 suspicio
678 2365 734 2428 tibi
755 2386 813 2427 aaa
835 2364 937 2428 satsat
958 2363 1141 2445 armillarum,
1156 2362 1209 2425 serl
1228 2364 1383 2427 recordare
1403 2386 1471 2426 carr·

215 2463 385 2525 martulinis
399 2464 613 2544 scripturaram
629 2464 707 2548 qaod
721 2465 821 2545 sponsi
835 2463 898 2526 uiri
914 2468 943 2526 et
956 2484 1061 2544 sponse
1075 2468 1221 2525 uocantur
1236 2484 1350 2527 umores.
1383 2461 1469 2527 Item

211 2562 376 2649 Origenes
394 2563 432 2626 in
449 2563 603 2629 eodem⁷t
626 2561 756 2627 haumala
773 2564 942 2650 esthabere
960 2565 992 2625 in
1010 2569 1113 2625 atera:
1135 2584 1154 2624 a
1177 2562 1259 2625 beato
1280 2562 1394 2644 Ioseph,
1409 2565 1471 2648 qui,

216 2663 286 2724 lieet
315 2684 377 2726 eam
407 2686 465 2726 aaa
494 2664 681 2744 earrtlrrqeret,
701 2667 815 2744 sistam
838 2670 945 2740 tamea,
969 2668 1004 2725 at
1027 2663 1193 2744 putabatur
1202 2662 1225 2738 ⁸,
1248 2663 1352 2725 samis
1372 2663 1469 2725 omnia

216 2769 351 2826 nazcerat.
396 2768 429 2826 et
443 2763 547 2827 infra:
571 2763 676 2827 Silili
694 2764 965 2834 amarmomiaatar,
980 2761 1010 2824 si
1032 2762 1064 2823 ia
1086 2762 1310 2842 desponsatione
1332 2762 1388 2824 tibi
1408 2783 1471 2825 essa

216 2861 338 2939 dicitur,
350 2885 408 2925 nom
421 2868 516 2924 tamem
532 2885 606 2926 arear
621 2870 674 2940 est,
689 2865 741 2926 secl
755 2862 904 2944 anigeniti
917 2861 967 2924 lei
981 2867 1076 2925 nsoter
1090 2867 1201 2925 eterna.
1232 2862 1389 2942 Conirrqem
1402 2862 1469 2925 cliro

214 2969 376 3045 propterea,
400 2968 435 3025 at
461 2964 577 3027 diabolo
599 2964 805 3045 uirginitatem
828 2963 893 3026 eius
916 2962 1065 3039 aamltem,
1087 2967 1122 3024 at
1146 2961 1218 3041 Iegis
1241 2962 1384 3025 imtitata
1410 2984 1470 3024 aaa

217 3063 379 3126 destruam.
420 3062 452 3125 im
466 3064 652 3148 sequentibus
666 3064 867 3127 demonstrato
881 3062 960 3147 quod
975 3083 1027 3125 mea
1041 3061 1100 3123 ista
1116 3067 1169 3124 trra
1184 3060 1292 3123 conisa·
1311 3062 1470 3125 assumtam

215 3163 454 3226 consuetudinem
477 3162 606 3244 aoniayii
628 3164 781 3243 latratur,
803 3185 854 3226 aee
875 3161 933 3225 iste
954 3161 1007 3247 qai
1024 3168 1185 3242 generatur
1207 3166 1276 3223 tam
1292 3162 1384 3245 filius
1409 3183 1470 3224 esse

216 3263 362 3325 credatur.
400 3263 485 3327 Item
502 3262 678 3349 Gregorius
694 3264 732 3326 in
750 3261 958 3347 expositione
973 3258 1144 3347 euangelii
1155 3262 1184 3326 ⁹:
1208 3261 1283 3323 Cam
1296 3282 1360 3324 sero
1374 3266 1448 3324 esset
1457 3284 1469 3323 .-

216 3361 266 3424 stc
280 3362 386 3448 quippe
400 3362 578 3444 disemalam
587 3370 658 3444 post
669 3364 696 3404 ¹⁰
719 3363 959 3426 resurrectionem
973 3382 1057 3423 suam
1073 3360 1210 3423 dubitare
1224 3361 1375 3441 perarsit,
1390 3360 1469 3422 sieut

215 3467 285 3524 ante
299 3461 489 3525 mulieritatem
502 3484 586 3525 saam
606 3463 711 3526 labere
727 3462 861 3525 Mariam
879 3483 1018 3542 sponsam
1038 3459 1145 3537 uoluit,
1160 3458 1212 3544 qm'
1228 3466 1325 3523 tamea
1342 3461 1384 3522 art
1404 3460 1468 3523 eius

214 3561 339 3641 amplias
353 3583 410 3623 asan
419 3562 572 3643 peruenit.

262 3657 295 3748 [t
320 3658 385 3748 15.]
420 3661 593 3726 Manifesta
624 3658 783 3725 uidentur·
812 3646 872 3725 lrec
896 3657 1066 3725 aduersari
1101 3658 1204 3723 uerbo
1234 3656 1468 3744 Augustini¹¹‚

215 3782 293 3825 nam
325 3760 354 3825 si
383 3761 564 3826 secundum
597 3760 780 3825 Iohannem
811 3762 900 3824 inter
929 3780 985 3824 eos
1014 3781 1072 3821 raon
1092 3758 1164 3843 fm't
1181 3758 1281 3841 sellas
1310 3758 1469 3836 sollempne

215 3860 354 3940 contagii,
389 3861 570 3926 secundum
607 3859 820 3945 Ieronymum
864 3882 924 3922 aaa
955 3861 1091 3942 suerunt
1133 3857 1245 3939 meptie,
1286 3856 1467 3921 secundum

155 4008 159 4016 .
217 3960 390 4046 Origenem
413 3983 472 4024 nors
481 3962 556 4043 suit
578 3982 661 4035 amar,
677 3959 856 4024 secundum
880 3958 1074 4042 Gregorium
1096 3979 1154 4019 riou
1174 3958 1313 4037 peraerrit
1337 3957 1379 4018 ad
1403 3957 1468 4019 eim

216 4063 339 4142 areptias
355 4082 489 4141 spamus,
505 4059 669 4145 quomodo
687 4058 868 4123 secundum
885 4057 1111 4144 Augustinum
1131 4079 1191 4118 aaa
1211 4056 1337 4119 meritae
1356 4056 1468 4118 mansit

215 4160 348 4241 corriuqis
372 4158 558 4242 aymellatiol
601 4159 677 4238 Qua
702 4158 831 4223 ratione
856 4159 938 4219 arato
955 4164 1099 4238 parratas
1123 4157 1194 4220 siue
1218 4156 1373 4240 coniuges
1396 4162 1468 4217 surrt

215 4262 316 4324 uocati
325 4259 362 4340 ¹²,
377 4282 455 4324 nam
471 4259 650 4324 seeundum
665 4258 741 4323 illos
756 4257 850 4323 nullo
865 4279 942 4321 uero
957 4255 1055 4321 modo
1074 4255 1172 4321 ambo
1188 4261 1340 4340 parentas
1355 4254 1467 4319 uocati

215 4360 316 4426 suntl
372 4359 437 4424 Sed
467 4360 650 4423 notandum
681 4365 733 4422 est
763 4357 850 4443 quod
877 4357 978 4421 etiam
1009 4355 1072 4420 sibi
1099 4355 1163 4441 ipsi
1189 4356 1329 4441 quisque
1352 4375 1466 4418 eorum

215 4460 340 4525 discors
363 4459 477 4545 aliqua
500 4458 629 4524 ratione
655 4458 759 4522 uideri
784 4462 904 4543 potest,
924 4456 1075 4539 negando
1097 4476 1170 4520 cam
1194 4453 1295 4518 luisse
1319 4473 1466 4531 uxorem,

214 4582 290 4626 cum
313 4558 408 4623 illam
437 4558 539 4624 fuisse
569 4579 723 4643 sponsam
753 4577 866 4621 omnes
897 4555 1074 4620 fateantur.
1118 4554 1194 4634 Qua
1219 4552 1308 4616 enim
1336 4551 1467 4618 ratione

249 4708 255 4736 ¹
275 4713 288 4766 t
304 4709 393 4759 adict.
407 4711 499 4771 posta.
514 4723 553 4771 39,
567 4724 588 4757 e.
599 4722 624 4770 q.
1163 4701 1207 4753 ’c
1221 4717 1261 4765 42,
1275 4718 1335 4765 aq.

246 4774 256 4801 ³
272 4779 385 4836 similiter,
400 4775 513 4837 Frisdu„
527 4775 596 4824 with
608 4777 742 4833 simpliciter
752 4788 781 4821 as
794 4773 909 4821 variant

247 4839 256 4866 ⁴
274 4857 296 4888 c.
310 4854 350 4902 42,
363 4856 385 4889 e.
395 4856 421 4901 q.
717 4840 727 4869 ⁵
744 4855 765 4888 e.
779 4854 852 4901 43,e.
862 4852 887 4898 q.
1183 4832 1194 4861 ‘
1210 4850 1231 4883 a.
1245 4851 1284 4896 40,
1298 4849 1321 4883 e·
1331 4849 1359 4897 q.

247 4903 256 4931 ²
273 4921 295 4954 c.
309 4922 350 4969 44,
363 4923 385 4954 e.
396 4922 422 4967 q.
720 4904 729 4932 ⁸
741 4909 848 4964 putabat,
864 4902 984 4960 Friedb.;
997 4906 1132 4960 mactatur,
1146 4901 1187 4949 ed.
1201 4901 1278 4950 Rom.

247 4970 296 5066 :le
310 4987 349 5033 45,
363 4988 385 5020 e.
396 4987 423 5033 q.
819 4968 839 5061 ἰζ
853 4969 1020 5045 Apparently
1028 4973 1113 5028 omme,
1128 4966 1181 5016 lis.
1238 5012 1242 5019 ,

283 5054 305 5086 e.
318 5052 343 5100 9,
355 5053 377 5087 e.
388 5053 415 5099 q.
856 5033 928 5085 Ibrd.
