3550 5875
294 498 331 556 lo
474 480 650 580 Magistri
677 474 828 560 Voconii
853 484 1009 562 Sorano
1036 487 1079 562 do
1105 477 1361 562 Malniinonio.

291 704 405 785 postea
418 702 455 766 in
470 703 578 768 caruis
596 706 832 774 commixtione
847 709 921 796 ipsa
934 709 1049 774 eadem
1064 707 1253 774 coniunctio
1273 708 1487 774 confirmatur
1507 714 1542 772 et

291 799 473 882 perficitur,
487 803 573 867 sicut
586 805 623 868 in
638 827 747 871 rerum
767 808 922 874 societate
942 807 1113 894 contingit
1158 806 1274 872 eadem
1294 806 1382 871 enim
1396 807 1543 888 ¹societas

291 905 453 983 quantum
472 902 515 967 ad
544 902 782 989 obligationem
802 907 1011 972 contrahitur
1031 908 1068 971 in
1087 905 1319 971 coniunctione
1343 926 1408 990 que
1429 911 1543 989 postea

291 997 329 1060 in
349 1020 457 1063 rorum
476 1001 652 1069 collatione
674 1005 845 1089 perficitur
859 1015 892 1071 ot
914 1010 1172 1071 consummatur.
1224 1003 1305 1068 item
1328 1004 1365 1067 in
1387 1003 1542 1087 pactione

292 1095 481 1164 donationis
498 1100 612 1166 eudem
630 1102 788 1168 iniciatur
808 1105 946 1170 donatio
967 1110 1129 1189 quantum
1152 1102 1195 1166 ad
1217 1101 1463 1188 obligationem,
1478 1123 1542 1187 que

291 1215 369 1260 mox
392 1199 562 1284 peragitur
583 1201 620 1268 iu
642 1203 689 1266 rei
711 1201 900 1268 traditione.
945 1202 1061 1268 eadem
1084 1201 1170 1266 ratio
1193 1207 1243 1266 est
1269 1201 1306 1265 iu
1328 1222 1543 1287 personarum

292 1295 531 1375 coniunctione,
547 1320 611 1385 que
629 1300 665 1363 in
680 1301 835 1366 omnibus
850 1309 921 1366 tam
939 1301 1053 1366 liberis
1071 1322 1171 1386 quam
1191 1300 1302 1376 seroie,
1318 1320 1386 1365 non
1404 1298 1543 1365 seculari

292 1394 349 1457 sed
367 1395 587 1463 ecclesiastico
607 1399 689 1476 iure,
703 1397 921 1484 spiritualiter
936 1400 1134 1487 disponitur,
1152 1408 1187 1464 et
1207 1399 1244 1462 in
1264 1398 1419 1464 omnibus
1440 1418 1543 1462 unam

290 1489 394 1557 habet
417 1495 621 1562 matrimonii
647 1497 762 1585 legem,
783 1504 822 1563 ut
844 1500 932 1566 sicut
958 1499 1122 1585 ingenuus
1145 1496 1313 1563 dimittere
1339 1519 1407 1563 uon
1431 1504 1543 1583 potest

289 1590 395 1657 semel
405 1594 556 1681 coniugio
568 1597 751 1682 copulatus,
762 1598 812 1663 ita
826 1620 942 1665 seruus
957 1620 1025 1664 non
1036 1598 1141 1684 possit
1153 1597 1319 1662 dimittere
1335 1597 1390 1661 uel
1405 1597 1540 1661 dimitti

291 1689 440 1758 Ecclesia
454 1713 596 1781 namque
611 1717 718 1782 neque
732 1697 768 1761 in
781 1697 1009 1763 coniunctione
1024 1697 1179 1782 usquein
1190 1695 1415 1762 disiunctione
1426 1696 1541 1761 matri-

291 1790 396 1854 monii
411 1792 493 1857 iurie
509 1794 620 1859 ciuilia
639 1796 788 1881 sequitur
801 1796 942 1883 regulas,
954 1797 1010 1863 sed
1026 1796 1232 1881 spiritualem
1246 1796 1352 1881 magis
1363 1794 1542 1881 quandam,

292 1893 332 1951 ut
363 1889 519 1970 diximus,
550 1892 824 1971 obseruationem,
856 1903 896 1962 ut
924 1896 961 1959 in
991 1897 1064 1981 ipsa
1090 1894 1267 1980 sponsione
1295 1895 1543 1979 representatur

292 1997 536 2056 sacramentum
551 1992 660 2058 anime
675 1994 717 2059 ad
734 1994 841 2071 deum,
855 2000 895 2059 ut
905 1995 992 2060 sicut
1007 2015 1148 2078 sponsus
1163 2014 1281 2078 sponse
1292 1998 1374 2058 tunc
1385 1993 1540 2078 adiungi-

294 2096 348 2150 tur
363 2110 423 2173 per
437 2111 641 2172 consensum,
651 2094 701 2158 ita
712 2092 921 2180 intelligatur
935 2095 1047 2159 anima
1061 2092 1157 2179 iungi
1173 2092 1234 2158 deo
1248 2113 1307 2176 per
1323 2091 1541 2157 dilectionem.

293 2184 388 2252 Vnde
398 2188 593 2255 Ambrosius
605 2192 635 2255 ¹:
657 2192 696 2255 In
711 2193 790 2256 annii
804 2194 989 2256 molninonio
999 2193 1166 2256 coirinnclio
1180 2193 1361 2272 intelligitur
1370 2191 1544 2273 anirilnolir

292 2308 383 2368 quon
395 2289 549 2371 confirmat
563 2297 592 2353 el
604 2291 722 2375 panloil
744 2292 966 2354 coniunctorum
977 2291 1163 2373 ῃενηιίιτίὶο2
1183 2290 1354 2373 nonnulis,
1372 2292 1542 2357 ‘coniunc
1637 2328 1640 2334 ·

291 2384 416 2450 tionem
425 2388 536 2453 anime
547 2389 755 2475 spiritualem
765 2389 921 2454 unionem
933 2390 1083 2455 addeum
1095 2390 1285 2469 exaudiens,
1296 2389 1332 2453 in
1343 2391 1452 2455 carnis
1464 2412 1542 2455 uero

290 2485 528 2554 commixtione
539 2487 623 2554 latet
631 2496 872 2555 armamentum
882 2488 1006 2554 Christi
1015 2497 1049 2553 et
1059 2488 1203 2566 ecclesie,
1214 2495 1252 2552 ut
1264 2489 1542 2574 quemadmodum

291 2605 367 2648 cum
389 2606 492 2651 uxore
511 2607 580 2653 una
597 2609 673 2654 caro
693 2588 843 2667 efficitur,
864 2588 913 2654 ita
933 2586 1087 2652 Christus
1107 2610 1183 2653 cum
1201 2586 1339 2653 ecclesia
1357 2610 1424 2653 una
1443 2591 1542 2653 carol

214 2681 217 2686 ⁴
292 2681 401 2747 factus
416 2706 485 2749 csse
500 2687 654 2752 credatur
668 2686 704 2750 iu
720 2693 815 2752 utero
833 2685 1014 2771 uirginali.'
1058 2688 1158 2772 ‘quia
1173 2708 1253 2751 uero
1267 2687 1412 2771 primum
1433 2709 1542 2752 sacra·

290 2789 441 2846 mentum
459 2784 616 2851 uiolabile
631 2792 681 2850 est
695 2785 821 2866 (anima
838 2786 949 2851 enim⁴
965 2807 1028 2871 que
1039 2787 1175 2851 adheret
1185 2787 1197 2825 ⁶
1209 2785 1270 2850 deo
1286 2791 1418 2871 apostat
1431 2786 1474 2851 ab
1489 2785 1542 2872 eo)

292 2881 411 2947 merito
434 2882 542 2970 figura
563 2886 644 2964 eius,
661 2884 788 2952 scilicet
809 2884 1028 2971 desponsatio,
1046 2885 1147 2951 etiam
1170 2884 1259 2950 inter
1280 2884 1446 2972 legitimas
1469 2906 1541 2971 per·

291 3001 388 3046 sonas
404 3003 446 3046 ex
467 2984 664 3068 quibusdam
679 2985 788 3049 causis
803 2985 964 3050 irritatur.
1024 2992 1269 3050 sacramentum
1288 3006 1366 3050 uero
1386 2985 1542 3051 ecclesie⁸

291 3079 427 3145 omnino
450 3087 502 3145 est
521 3082 739 3170 irrumpibile‚
762 3091 797 3149 et
817 3084 892 3149 ideo
914 3084 950 3148 in
968 3085 1076 3149 carnis
1095 3084 1335 3151 commixtione
1357 3086 1406 3149 ita
1427 3085 1542 3149 matri·

292 3179 440 3243 monium
456 3180 625 3247 radicatur
635 3189 672 3247 ut
687 3181 783 3247 nulla
793 3182 964 3248 occasione
976 3190 1116 3269 utroque
1128 3183 1262 3248 uiuente
1274 3183 1386 3247 ualeat
1397 3184 1500 3248 auerti
1509 3180 1542 3247 ⁷.’

293 3277 364 3343 Heo
387 3286 499 3344 autem
523 3283 703 3360 sentencia,
726 3281 863 3359 scilicet,
884 3280 972 3367 quod
999 3282 1037 3345 in
1052 3281 1267 3367 sponsalibus
1289 3282 1542 3347 matrimonium

291 3399 351 3462 per
365 3378 550 3444 animorum
566 3380 832 3446 coniunctionem
848 3381 1013 3457 inicietur,
1028 3381 1064 3445 in
1083 3380 1191 3445 caruis
1214 3381 1451 3445 commixtione
1468 3403 1542 3467 per-

292 3476 425 3542 ficiatur
450 3485 484 3543 et
510 3480 722 3546 confirmetur
743 3480 896 3566 pluribus
918 3479 995 3544 aliis
1019 3479 1276 3544 auctoritatibus
1298 3481 1541 3565 comprobatur.

293 3575 393 3640 Unde
422 3576 618 3664 leronymus
651 3600 750 3665 super
778 3579 959 3644 Abdiam³z
993 3580 1061 3659 Qna
1084 3584 1205 3658 propler
1231 3578 1262 3640 in
1279 3580 1408 3662 filiabus
1434 3582 1542 3643 nerlrir

279 3677 520 3759 Jbrnicolnnlnr
534 3684 563 3741 el
576 3700 680 3759 eponae
694 3684 791 3743 naalre
805 3679 941 3742 adultere
955 3683 1051 3740 ernnl.
1085 3677 1247 3739 notandam
1261 3684 1305 3741 eal
1319 3681 1397 3763 qnod
1413 3679 1444 3741 in
1451 3680 1541 3763 filiu-

293 3778 346 3839 lna
371 3776 447 3839 dicil
462 3777 696 3862 fornicationem
707 3780 852 3863 fnlnrom
874 3785 903 3840 el
926 3778 959 3840 in
980 3777 1125 3857 coninniia
1147 3778 1309 3854 olrilleria,
1331 3800 1387 3862 qne
1408 3778 1543 3860 moniali

286 3878 481 3941 ‘cnircenlione
518 3878 683 3941 iniciuntur
719 3884 747 3941 el
784 3879 986 3942 conmunione
1021 3877 1171 3960 corporali
1196 3878 1404 3960 perficiuntur.
1462 3878 1542 3942 item

292 3975 487 4042 Ysidorus⁹:
520 3980 660 4057 turinnes
686 3979 788 4041 uterino
812 3979 1005 4059 appellantur
1029 3978 1065 4040 ab
1093 3978 1156 4059 ipnu
1169 3979 1194 4017 ¹⁰
1214 3978 1449 4058 deapoieaolionir
1465 3980 1541 4062 fille.

292 4076 373 4140 item
402 4077 610 4163 Augustinus
620 4077 662 4141 ¹¹:
695 4078 838 4158 Coninper
870 4075 1095 4157 appellonlnr¹²
1121 4099 1158 4141 ea
1181 4079 1280 4157 prino
1310 4078 1543 4158 ᾱεεροκεαίίυιιίε

283 4178 357 4260 fide,
376 4200 463 4263 qrrorn
485 4179 640 4240 acirentila
664 4200 721 4240 non
744 4183 915 4257 explicarint,
937 4200 988 4238 neo
999 4181 1109 4261 franel
1131 4177 1311 4256 capirilnrna,
1331 4200 1383 4240 nec
1402 4177 1542 4257 perierat,

292 4300 343 4339 ner
363 4278 487 4339 menedon
506 4283 655 4341 noirannl
675 4277 808 4357 conrinpir
827 4278 996 4357 appellabo,
1012 4276 1063 4339 nli
1081 4298 1132 4337 nec
1142 4277 1254 4359 snerol
1273 4299 1326 4340 nec
1335 4280 1454 4359 salaro
1477 4283 1543 4339 erul

291 4376 390 4439 cornia
414 4378 476 4439 nlla
500 4377 672 4442 oonnnialio.
720 4376 752 4468 [ξ
770 4373 814 4464 7.]
840 4374 905 4440 Sed
930 4380 1045 4441 contra
1067 4375 1128 4441 hec
1149 4376 1351 4461 querendum
1375 4383 1434 4454 est,
1453 4377 1481 4442 si
1506 4377 1542 4440 in

324 4510 333 4540 ¹
350 4526 372 4560 c
387 4510 428 4572 36,
439 4511 467 4559 G.
483 4522 520 4575 27.
534 4526 559 4572 q.
573 4525 594 4562 a.
1192 4510 1202 4538 ²
1218 4513 1355 4563 cornmirn'o,
1368 4510 1474 4559 Friadb.

325 4575 334 4603 ³
351 4583 371 4624 el
381 4592 431 4624 nno
439 4592 545 4634 annona,
559 4576 681 4627 Rufinus.
1016 4575 1026 4604 ⁴
1036 4578 1170 4634 frequenter
1179 4580 1241 4623 enim
1252 4581 1343 4622 (irrina.
1357 4576 1477 4625 Rufinus.

324 4641 334 4671 ⁸
350 4647 493 4700 adhaeserat,
506 4642 628 4693 Rufinus.
1079 4644 1089 4669 ⁸
1106 4646 1190 4690 Christi
1201 4647 1221 4689 el
1230 4645 1338 4690 ecclesius.
1353 4641 1475 4689 Rufinus.

324 4705 334 4736 '
350 4711 419 4769 areni,
433 4708 555 4758 Rufinus.
584 4709 642 4757 The
652 4709 740 4758 words
751 4709 849 4757 within
862 4707 910 4756 the
922 4707 1045 4755 inserted
1059 4722 1176 4755 commas
1187 4722 1232 4755 ure
1243 4708 1341 4754 almost
1353 4708 1456 4768 exnotly
1466 4707 1542 4755 those

292 4774 322 4822 of
337 4772 458 4834 Rufinus,
476 4788 503 4837 p.
521 4788 586 4838 391;
612 4777 661 4823 but
679 4775 726 4823 the
744 4789 852 4837 passage
869 4775 893 4821 ia
911 4790 926 4821 a
944 4774 1016 4821 little
1033 4773 1185 4820 shortened.
1222 4774 1350 4832 Compare
1370 4773 1426 4822 aleo
1443 4778 1543 4821 Snnnno

293 4840 482 4954 Coloninuiacin
494 4840 613 4903 Scheurl,
628 4833 820 4904 Eutwiclrlung
831 4841 878 4889 dos
889 4840 1061 4887 kirchlichen
1074 4838 1412 4899 Eheschliossuugsrochts,
1425 4854 1452 4902 p.
1469 4839 1522 4901 167.

349 4920 370 4954 c.
461 4918 495 4952 ‚r
515 4939 521 4952 .
554 4920 598 4954 .r.

324 4969 334 4998 ⁹
351 4986 372 5019 c.
385 4916 452 5031 llll.
469 4916 513 5033 aql
520 4920 583 5032 (ἓν.
809 5006 814 5016 .
921 4969 939 4996 ¹⁰
956 4987 972 5018 u
981 4973 1069 5031 primu,
1085 4969 1189 5017 Fricdb.
1204 4968 1321 5017 without
1333 4970 1449 5020 variant.

325 5034 342 5063 ¹¹
359 5052 380 5085 c.
395 5052 418 5100 9,
433 5037 460 5085 0.
477 5048 514 5099 27.
528 5051 553 5099 q.
570 5053 590 5086 2.
922 5034 941 5063 ¹²
958 5040 1066 5085 Coniurat
1078 5042 1179 5097 crocatur,
1193 5034 1299 5085 Friodb.
