3550 5875
309 564 349 621 28
487 544 667 646 Maqiotri
692 545 845 623 Voconii
869 547 1027 624 Stemma
1053 547 1097 624 da
1124 547 1378 625 Matrimonia.

307 762 425 829 multis
446 765 704 832 auetoritatibus
726 775 760 833 et
774 768 937 855 exemplis
954 767 1129 856 colligitur.
1175 770 1263 835 undo
1278 770 1487 856 Yeronymus
1508 771 1561 836 ita

308 863 423 929 scribit
436 865 479 930 de
495 863 665 931 adultera:
686 865 780 930 Immo
797 890 862 931 aum
880 868 937 932 illa
956 890 1045 931 nnana
1062 891 1180 933 earnem
1198 871 1231 933 in
1248 869 1341 932 aliana
1359 870 1468 934 diuisit
1485 878 1514 933 et
1527 892 1563 932 aa

293 964 505 1047 fornicatione
524 987 544 1027 a
566 965 675 1060 manto
696 967 857 1047 separauit,
872 990 930 1031 non
949 968 1032 1031 delet
1055 971 1158 1034 teneri.
1192 990 1229 1033 ne
1252 970 1349 1032 otram
1372 992 1484 1056 qnoque
1504 972 1561 1032 aab

307 1064 464 1127 maledieto
474 1064 586 1149 faeiat.
602 1066 717 1130 dicente
737 1067 889 1148 scriptura
905 1075 913 1103 ‘
928 1068 991 1148 Qui
1004 1073 1083 1132 tenet
1096 1068 1264 1132 adulteram
1279 1070 1391 1132 strettun
1405 1075 1435 1132 et
1450 1070 1562 1150 inpias

307 1169 352 1226 eet
364 1160 396 1229 ¹.’
439 1184 516 1229 eum
539 1186 616 1251 ergo
639 1164 722 1231 dicit
743 1189 833 1230 onam
854 1189 971 1231 nomem
990 1168 1115 1247 diuidit,
1132 1168 1281 1234 ostendit
1302 1190 1343 1234 ex
1367 1190 1435 1233 una
1460 1190 1560 1234 carne

307 1261 573 1329 coniunctionem
591 1264 699 1351 ipsam
714 1266 785 1330 nim
807 1265 937 1332 habore.
982 1267 1068 1331 Item
1084 1267 1285 1354 Gregorius:
1308 1268 1343 1332 Si
1357 1269 1452 1349 initur
1465 1270 1516 1331 nir
1529 1274 1560 1331 et

307 1384 383 1427 naor
405 1384 465 1425 nna
486 1384 555 1427 earo
576 1370 657 1443 nent,
682 1370 711 1430 et
733 1365 884 1446 retiqionrs
904 1387 995 1430 naara
1017 1366 1146 1429 dimittit
1173 1367 1224 1429 nir
1250 1388 1384 1447 waram,
1406 1368 1458 1430 net
1482 1389 1560 1432 naor

305 1462 416 1538 airam,
433 1482 489 1547 qne
502 1468 547 1526 eat
561 1461 620 1526 ieta
634 1465 783 1527 ronnneio
797 1465 830 1529 in
844 1487 903 1551 qna
918 1487 978 1528 nna
993 1471 1022 1529 et
1036 1467 1136 1528 eaden
1150 1488 1220 1528 raro
1233 1488 1270 1529 aa
1285 1473 1376 1548 parte
1392 1468 1503 1530 transit
1518 1468 1563 1528 ad

306 1561 519 1628 continenciam
533 1569 562 1626 et
576 1585 613 1627 ea
619 1570 711 1645 porte
720 1572 850 1629 annana
865 1566 899 1628 in
913 1563 1141 1646 renuntiaret?
1162 1567 1214 1629 red
1224 1566 1387 1630 notatim
1394 1568 1560 1648 precipuas

306 1662 386 1726 inter
399 1662 563 1742 heremitae,
577 1664 719 1729 rehtrato
733 1665 907 1745 nuptiarum
925 1664 1074 1740 conuiuio,
1089 1687 1155 1729 earn
1174 1687 1292 1746 nomae
1307 1666 1468 1729 thalamum
1484 1673 1560 1729 earet

306 1762 456 1843 inaratae
484 1784 522 1825 eo
550 1763 621 1827 urbe
648 1764 798 1845 carentiam
825 1765 970 1828 herenam
1001 1764 1098 1844 clepit.
1144 1764 1214 1828 iren
1243 1766 1345 1828 beatae
1366 1765 1492 1828 Alesiae
1521 1787 1559 1827 ea

307 1860 422 1942 nuptia
435 1883 572 1943 rpoream
584 1863 714 1927 donauit
724 1861 749 1928 ⁴.
779 1885 855 1950 ergo
870 1869 989 1929 neuter
999 1862 1141 1928 istorum
1156 1885 1231 1930 cum
1247 1886 1286 1930 ea
1300 1885 1400 1951 quam
1416 1864 1559 1930 duxerat

307 1981 377 2026 una
397 1981 472 2027 caro
495 1962 600 2028 iaetus
622 1962 697 2044 suit,
722 1968 757 2028 ct
779 1962 854 2029 ideo
877 1963 1084 2029 continencia
1108 1984 1209 2029 causa
1231 1963 1417 2051 relinquere
1437 1985 1558 2029 uxores

306 2059 411 2126 licuit.
435 2071 437 2074 ’
458 2057 492 2148 [i
506 2058 573 2148 33]
597 2061 664 2128 Sed
689 2062 955 2148 respondendum
980 2069 1039 2144 est,
1061 2070 1100 2127 ιιι
1123 2063 1381 2149 supradiximus,
1404 2063 1494 2150 quod
1521 2065 1557 2127 in

306 2160 523 2225 matrimonio
537 2161 728 2228 coniunctio
742 2161 884 2227 duorum
901 2161 938 2228 in
953 2182 1054 2227 unam
1069 2183 1201 2227 carnem
1217 2163 1324 2249 magis
1336 2163 1407 2228 fieri
1422 2163 1558 2227 uidetur

307 2260 441 2325 uinculo
456 2260 539 2325 iuris
554 2282 654 2347 qnam
669 2283 766 2347 opere
780 2261 899 2329 carnis.
936 2261 1087 2348 alioquin
1101 2266 1136 2326 et
1150 2261 1186 2325 in
1201 2262 1426 2328 concubinatu
1442 2262 1557 2326 eadem

307 2360 372 2424 erit
383 2360 478 2438 ratio,
489 2366 608 2426 utnon
622 2360 741 2426 debeat
753 2382 821 2428 una
834 2381 911 2427 earo
927 2367 1096 2446 proparte
1111 2382 1278 2426 remanere
1290 2363 1324 2425 in
1336 2364 1557 2446 oomuptione,

307 2479 369 2545 pro
384 2465 478 2545 parte
493 2460 536 2525 ab
550 2481 590 2526 ea
603 2459 754 2539 transire,
769 2482 845 2526 oum
867 2460 971 2525 stibi
991 2461 1059 2526 dno
1081 2461 1149 2525 sint
1170 2483 1236 2526 una
1258 2483 1342 2527 earo.
1389 2461 1454 2527 Sed
1470 2461 1559 2525 dicet

306 2558 437 2644 aliquis,
463 2559 560 2625 ‘Non
581 2559 703 2626 suffieit
724 2581 808 2646 opus
830 2560 940 2627 carnis
961 2559 1027 2624 nisi
1054 2561 1211 2646 procedat
1233 2582 1275 2625 ex
1302 2560 1452 2646 legitima
1480 2581 1558 2625 oon-

307 2658 489 2737 iunctione,
504 2659 553 2725 sio
574 2659 663 2725 enim
685 2661 847 2746 seriptum
864 2662 938 2726 est⁶
958 2660 1020 2724 nisi
1042 2660 1173 2740 lepitina
1197 2661 1399 2724 coniunctione
1419 2662 1479 2724 duo
1499 2682 1558 2723 nna

213 2835 218 2848 ⁸
306 2780 375 2821 cano
395 2759 499 2841 fiant!
554 2758 646 2841 Quid
670 2780 750 2846 ergo
778 2759 928 2824 dicemus
956 2759 986 2824 si
1016 2781 1090 2825 oum
1119 2766 1180 2824 tua
1208 2759 1394 2826 concubina
1421 2759 1558 2844 nuptias

305 2857 546 2926 celebrauerisl
568 2882 608 2925 oa
631 2859 764 2925 ratione
790 2859 976 2945 relinquere
998 2880 1070 2923 eam
1093 2859 1215 2946 poteris
1239 2860 1319 2946 quia
1341 2880 1384 2924 ex
1407 2859 1558 2947 legitima

307 2959 539 3026 coniunctione
553 2981 629 3027 cum
649 2983 689 3025 ea
709 2981 777 3025 una
795 2980 871 3025 earo
893 2981 963 3024 esse
985 2980 1054 3025 non
1075 2968 1178 3045 potes,
1193 2965 1310 3046 utpote
1333 2959 1399 3024 iam
1421 2974 1500 3025 ante
1522 2959 1557 3024 in

306 3058 533 3125 concubinatu
555 3080 631 3126 cum
651 3081 691 3125 ea
710 3081 778 3124 nna
797 3080 872 3124 earo
890 3058 1009 3123 factus.
1055 3058 1092 3123 Si
1107 3080 1186 3124 uero
1200 3059 1365 3124 diuertere
1379 3080 1448 3124 non
1462 3066 1558 3146 potes

307 3159 376 3223 iam
397 3157 450 3224 illi
471 3158 555 3225 adeo
577 3160 781 3235 coniunctus,
798 3158 880 3244 quid
903 3157 966 3223 hoo
986 3155 1067 3224 iacit
1088 3157 1155 3223 nisi
1178 3159 1379 3238 confederatio
1401 3159 1560 3240 nuptiali,

307 3278 383 3344 que,
405 3258 586 3324 secundum
613 3258 873 3345 Augustinum⁰‚
897 3278 959 3323 neo
988 3257 1089 3322 etiam
1119 3278 1160 3321 ex
1191 3278 1290 3324 causa
1319 3257 1558 3337 fornicationis,

307 3355 453 3422 soluitur
473 3378 533 3443 per
559 3357 754 3422 divorcium.
797 3355 894 3421 ouius
917 3355 1194 3421 confederationis
1219 3363 1463 3421 sacramentum
1486 3357 1558 3421 eine

306 3455 417 3522 carnis
432 3457 668 3522 commixtione
687 3455 723 3521 in
738 3458 813 3544 ipsa
827 3454 906 3520 fidei
928 3454 1133 3541 obligatione
1152 3462 1187 3520 et
1201 3475 1361 3520 consensu
1381 3456 1496 3541 perfici
1515 3478 1559 3521 ex

308 3562 440 3626 decreto
456 3561 608 3626 Ormisde
623 3582 708 3647 pape
726 3581 829 3645 supra
842 3564 946 3647 patet.
991 3557 1068 3625 Hoc
1089 3580 1166 3645 ergo
1190 3566 1433 3624 sacramentum
1456 3561 1558 3625 otiam

306 3666 382 3747 poet
403 3659 587 3725 diuoroium
611 3659 798 3746 legitimum
821 3660 872 3725 ita
896 3664 1019 3737 manet,
1041 3658 1129 3725 sicut
1152 3665 1188 3723 et
1210 3657 1267 3723 ille
1289 3658 1412 3724 retinet
1437 3661 1474 3723 in
1498 3661 1557 3723 sel

308 3765 551 3826 sacramentnm
560 3758 817 3846 regenerationis
833 3758 891 3846 qui
905 3764 1042 3844 propter
1052 3758 1176 3824 odmen
1191 3754 1326 3843 aliquod
1338 3757 1558 3823 anathematis

307 3859 418 3945 gladio
432 3858 578 3944 precisus
593 3864 644 3924 est
658 3857 702 3924 ab
721 3857 855 3924 ecclesie
871 3878 1007 3943 corpore
1022 3856 1079 3923 cui
1096 3857 1231 3922 iunctus
1249 3856 1367 3936 iuerat,
1383 3862 1417 3922 et
1430 3856 1558 3922 inuitus

307 3960 413 4045 magis
427 3958 564 4025 uinculo
584 3958 664 4023 dum
684 3957 886 4037 iniciaretur,
901 3978 1003 4043 quam
1018 3954 1222 4022 executionis
1237 3976 1335 4040 opere
1350 3956 1462 4041 aliquo
1477 3956 1557 4021 dum

307 4057 493 4123 Christiani
513 4056 657 4124 officium
679 4064 940 4144 prosequeretur.
986 4053 1022 4145 [t
1040 4051 1107 4143 34]
1131 4055 1228 4121 Hane
1250 4060 1362 4121 autem
1385 4056 1558 4131 rationem,

306 4157 341 4223 id
364 4163 424 4237 est,
439 4164 478 4223 ιιι
500 4158 606 4244 magis
628 4157 802 4223 uinculum
823 4156 907 4222 iuris
929 4157 966 4220 in
988 4175 1092 4221 unum
1114 4154 1279 4240 quoddam
1302 4176 1420 4240 eorpus
1446 4154 1558 4241 plures

306 4258 426 4344 iungat
440 4264 474 4321 et
485 4256 581 4322 uniat
592 4277 692 4343 quam
706 4263 801 4323 actus
816 4255 938 4342 aliquis
952 4254 1167 4333 executionis,
1179 4255 1280 4319 etiam
1296 4254 1331 4318 in
1346 4254 1557 4319 matrimonio

306 4356 416 4423 locum
445 4355 566 4421 habere
595 4357 685 4442 cogit
714 4356 812 4422 lateri
843 4354 1094 4421 matrimonium
1131 4353 1226 4418 beate
1263 4353 1371 4418 Mario
1397 4353 1557 4438 Virginis.

306 4457 402 4522 ouius
419 4461 662 4522 sacramentum
677 4477 737 4521 suo
752 4457 909 4520 iunxerat
923 4455 1045 4519 marito
1061 4452 1167 4538 ipsam
1184 4452 1347 4538 uirginem
1363 4453 1558 4537 integritate

306 4556 434 4635 sederis,
448 4577 517 4621 non
531 4555 662 4621 actione
676 4556 794 4621 carnis.
838 4575 1017 4641 perquam
1039 4553 1205 4617 actionem
1223 4573 1292 4617 non
1310 4551 1502 4637 obligantur
1521 4553 1557 4616 in

306 4672 412 4722 unum
433 4677 554 4743 corpus
575 4655 690 4744 aliqui,
712 4660 746 4721 et
768 4655 878 4741 siper
900 4674 972 4720 eam
995 4651 1124 4717 ιιιιιιιιι8
1145 4672 1264 4737 corpus
1288 4650 1402 4737 aliqua
1427 4653 1557 4717 rationo

404 4803 412 4835 ¹
430 4819 452 4855 a.
466 4819 489 4867 o,
502 4804 530 4855 c.
543 4818 583 4867 3²·
597 4818 622 4866 q.
637 4816 660 4855 r.
1060 4798 1108 4847 ὀ.
1124 4812 1161 4863 19,
1175 4800 1205 4849 c.
1219 4808 1257 4860 η.
1269 4813 1296 4859 q.
1311 4811 1334 4847 2.

403 4871 414 4900 ⁸
430 4870 648 4928 unaanmdiot.
661 4873 722 4932 poet
733 4885 755 4919 o.
770 4866 808 4929 26,
820 4884 843 4918 e.
856 4883 883 4931 q.
1058 4865 1068 4894 ⁴
1085 4865 1149 4913 diat
1164 4868 1223 4926 post
1235 4879 1256 4912 c.
1270 4863 1307 4925 26,
1322 4879 1345 4913 e.
1358 4879 1385 4926 q.

403 4936 414 4966 ⁸
431 4936 715 4999 Pseudo-Alexander5
732 4934 886 4998 Friedberg,
898 4932 1023 4996 Quinque
1035 4930 1253 4992 Compilntionos,
1266 4944 1291 4992 p.
1307 4943 1361 4990 205·

402 5000 452 5052 ὀ.
467 5016 489 5063 1,
501 5003 531 5052 G.
543 5015 583 5063 3²·
595 5016 622 5066 q.
637 5011 661 5065 7.
972 4996 1089 5047 'asor
1101 4996 1346 5059 inseasoneword,
1360 4995 1417 5046 MS.

403 5067 500 5131 ⁸an
519 5067 573 5118 MS.
