<?xml version="1.0" encoding="UTF-8"?>
<!DOCTYPE html PUBLIC "-//W3C//DTD XHTML 1.0 Transitional//EN"
    "http://www.w3.org/TR/xhtml1/DTD/xhtml1-transitional.dtd">
<html xmlns="http://www.w3.org/1999/xhtml" xml:lang="en" lang="en">
 <head>
  <title>
</title>
<meta http-equiv="Content-Type" content="text/html;charset=utf-8" />
  <meta name='ocr-system' content='tesseract 3.04.00' />
  <meta name='ocr-capabilities' content='ocr_page ocr_carea ocr_par ocr_line ocrx_word'/>
</head>
<body>
  <div class='ocr_page' id='page_1' title='image "./magistrivacarii00librgoog_0033.png"; bbox 0 0 3550 5875; ppageno 0'>
   <div class='ocr_carea' id='block_1_1' title="bbox 415 531 1478 630">
    <p class='ocr_par' dir='ltr' id='par_1_1' title="bbox 415 531 1478 630">
     <span class='ocr_line' id='line_1_1' title="bbox 415 531 1478 630; baseline 0.011 -27"><span class='ocrx_word' id='word_1_1' title='bbox 415 531 592 630; x_wconf 75' lang='lat' dir='ltr'>Mapisiri</span> <span class='ocrx_word' id='word_1_2' title='bbox 623 531 772 607; x_wconf 71' lang='lat' dir='ltr'>Wrcurit&#39;</span> <span class='ocrx_word' id='word_1_3' title='bbox 798 532 952 608; x_wconf 75' lang='lat' dir='ltr'>Serrium</span> <span class='ocrx_word' id='word_1_4' title='bbox 979 536 1020 608; x_wconf 81' lang='lat' dir='ltr'>de</span> <span class='ocrx_word' id='word_1_5' title='bbox 1048 536 1295 611; x_wconf 47' lang='lat' dir='ltr'>illutra&#39;mouio.</span> <span class='ocrx_word' id='word_1_6' title='bbox 1443 560 1478 615; x_wconf 87' lang='grc'>31</span> 
     </span>
    </p>
   </div>
   <div class='ocr_carea' id='block_1_2' title="bbox 227 753 1481 3931">
    <p class='ocr_par' dir='ltr' id='par_1_2' title="bbox 227 753 1481 3931">
     <span class='ocr_line' id='line_1_2' title="bbox 229 753 1480 843; baseline 0.003 -25"><span class='ocrx_word' id='word_1_7' title='bbox 229 753 408 818; x_wconf 85' lang='lat' dir='ltr'>seeundum</span> <span class='ocrx_word' id='word_1_8' title='bbox 424 754 632 819; x_wconf 85' lang='lat' dir='ltr'>sentenciam</span> <span class='ocrx_word' id='word_1_9' title='bbox 654 755 812 840; x_wconf 81' lang='lat' dir='ltr'>ngari¹</span> <span class='ocrx_word' id='word_1_10' title='bbox 833 756 946 820; x_wconf 88' lang='lat' dir='ltr'>dirimi</span> <span class='ocrx_word' id='word_1_11' title='bbox 965 758 1071 841; x_wconf 79' lang='lat' dir='ltr'>possit</span> <span class='ocrx_word' id='word_1_12' title='bbox 1091 758 1159 821; x_wconf 88' lang='lat' dir='ltr'>tale</span> <span class='ocrx_word' id='word_1_13' title='bbox 1179 758 1379 843; x_wconf 82' lang='lat' dir='ltr'>coniugium,</span> <span class='ocrx_word' id='word_1_14' title='bbox 1396 762 1480 825; x_wconf 86' lang='lat' dir='ltr'>ratio</span> 
     </span>
     <span class='ocr_line' id='line_1_3' title="bbox 229 853 1480 942; baseline 0.006 -27"><span class='ocrx_word' id='word_1_15' title='bbox 229 853 428 939; x_wconf 87' lang='lat' dir='ltr'>inquirenda</span> <span class='ocrx_word' id='word_1_16' title='bbox 454 861 504 918; x_wconf 86' lang='lat' dir='ltr'>cst</span> <span class='ocrx_word' id='word_1_17' title='bbox 525 877 584 919; x_wconf 89' lang='lat' dir='ltr'>cur</span> <span class='ocrx_word' id='word_1_18' title='bbox 605 854 640 919; x_wconf 89' lang='lat' dir='ltr'>id</span> <span class='ocrx_word' id='word_1_19' title='bbox 664 855 736 919; x_wconf 88' lang='lat' dir='ltr'>fieri</span> <span class='ocrx_word' id='word_1_20' title='bbox 758 857 872 942; x_wconf 78' lang='lat' dir='ltr'>possit.</span> <span class='ocrx_word' id='word_1_21' title='bbox 918 878 993 921; x_wconf 91' lang='lat' dir='ltr'>cum</span> <span class='ocrx_word' id='word_1_22' title='bbox 1016 864 1050 921; x_wconf 89' lang='lat' dir='ltr'>et</span> <span class='ocrx_word' id='word_1_23' title='bbox 1073 856 1157 920; x_wconf 90' lang='lat' dir='ltr'>illud</span> <span class='ocrx_word' id='word_1_24' title='bbox 1180 864 1311 923; x_wconf 88' lang='lat' dir='ltr'>constet</span> <span class='ocrx_word' id='word_1_25' title='bbox 1333 880 1388 922; x_wconf 87' lang='lat' dir='ltr'>eos</span> <span class='ocrx_word' id='word_1_26' title='bbox 1412 881 1480 923; x_wconf 92' lang='lat' dir='ltr'>non</span> 
     </span>
     <span class='ocr_line' id='line_1_4' title="bbox 228 953 1479 1041; baseline 0.004 -24"><span class='ocrx_word' id='word_1_27' title='bbox 228 953 347 1019; x_wconf 89' lang='lat' dir='ltr'>debere</span> <span class='ocrx_word' id='word_1_28' title='bbox 375 955 521 1040; x_wconf 82' lang='lat' dir='ltr'>sepmari</span> <span class='ocrx_word' id='word_1_29' title='bbox 550 955 612 1019; x_wconf 90' lang='lat' dir='ltr'>nisi</span> <span class='ocrx_word' id='word_1_30' title='bbox 642 978 685 1019; x_wconf 87' lang='lat' dir='ltr'>ex</span> <span class='ocrx_word' id='word_1_31' title='bbox 714 977 815 1020; x_wconf 87' lang='lat' dir='ltr'>causa</span> <span class='ocrx_word' id='word_1_32' title='bbox 843 956 1074 1021; x_wconf 73' lang='lat' dir='ltr'>fornicationis</span> <span class='ocrx_word' id='word_1_33' title='bbox 1103 980 1176 1041; x_wconf 79' lang='lat' dir='ltr'>quoe</span> <span class='ocrx_word' id='word_1_34' title='bbox 1207 959 1282 1022; x_wconf 76' lang='lat' dir='ltr'>deas</span> <span class='ocrx_word' id='word_1_35' title='bbox 1315 960 1479 1022; x_wconf 66' lang='lat' dir='ltr'>coniuret.</span> 
     </span>
     <span class='ocr_line' id='line_1_5' title="bbox 229 1052 1479 1142; baseline 0.002 -24"><span class='ocrx_word' id='word_1_36' title='bbox 229 1052 419 1118; x_wconf 88' lang='lat' dir='ltr'>Secundum</span> <span class='ocrx_word' id='word_1_37' title='bbox 434 1055 618 1118; x_wconf 88' lang='lat' dir='ltr'>doctrinam</span> <span class='ocrx_word' id='word_1_38' title='bbox 633 1055 745 1142; x_wconf 87' lang='lat' dir='ltr'>itaque</span> <span class='ocrx_word' id='word_1_39' title='bbox 760 1055 966 1141; x_wconf 89' lang='lat' dir='ltr'>quorundam</span> <span class='ocrx_word' id='word_1_40' title='bbox 990 1056 1221 1120; x_wconf 87' lang='lat' dir='ltr'>modernorum</span> <span class='ocrx_word' id='word_1_41' title='bbox 1245 1058 1479 1142; x_wconf 85' lang='lat' dir='ltr'>magistrorum</span> 
     </span>
     <span class='ocr_line' id='line_1_6' title="bbox 228 1152 1479 1241; baseline 0.004 -25"><span class='ocrx_word' id='word_1_42' title='bbox 228 1160 298 1216; x_wconf 89' lang='lat' dir='ltr'>tam</span> <span class='ocrx_word' id='word_1_43' title='bbox 310 1175 352 1217; x_wconf 86' lang='lat' dir='ltr'>ex</span> <span class='ocrx_word' id='word_1_44' title='bbox 366 1152 526 1218; x_wconf 89' lang='lat' dir='ltr'>maleficio</span> <span class='ocrx_word' id='word_1_45' title='bbox 537 1176 636 1239; x_wconf 86' lang='lat' dir='ltr'>quam</span> <span class='ocrx_word' id='word_1_46' title='bbox 652 1156 783 1219; x_wconf 14' lang='lat' dir='ltr'>extrahis</span> <span class='ocrx_word' id='word_1_47' title='bbox 799 1155 952 1240; x_wconf 87' lang='lat' dir='ltr'>pluribus</span> <span class='ocrx_word' id='word_1_48' title='bbox 968 1158 1085 1233; x_wconf 86' lang='lat' dir='ltr'>causis,</span> <span class='ocrx_word' id='word_1_49' title='bbox 1099 1165 1137 1220; x_wconf 92' lang='lat' dir='ltr'>ut</span> <span class='ocrx_word' id='word_1_50' title='bbox 1148 1179 1251 1241; x_wconf 88' lang='lat' dir='ltr'>supra</span> <span class='ocrx_word' id='word_1_51' title='bbox 1262 1158 1479 1237; x_wconf 88' lang='lat' dir='ltr'>ostendimus,</span> 
     </span>
     <span class='ocr_line' id='line_1_7' title="bbox 228 1251 1480 1343; baseline 0.004 -27"><span class='ocrx_word' id='word_1_52' title='bbox 228 1251 385 1335; x_wconf 87' lang='lat' dir='ltr'>coniuges</span> <span class='ocrx_word' id='word_1_53' title='bbox 414 1259 493 1318; x_wconf 89' lang='lat' dir='ltr'>ante</span> <span class='ocrx_word' id='word_1_54' title='bbox 522 1254 734 1319; x_wconf 78' lang='lat' dir='ltr'>concubitum</span> <span class='ocrx_word' id='word_1_55' title='bbox 764 1262 905 1340; x_wconf 84' lang='lat' dir='ltr'>possunt</span> <span class='ocrx_word' id='word_1_56' title='bbox 933 1255 1079 1341; x_wconf 82' lang='lat' dir='ltr'>separari</span> <span class='ocrx_word' id='word_1_57' title='bbox 1103 1263 1137 1320; x_wconf 90' lang='lat' dir='ltr'>et</span> <span class='ocrx_word' id='word_1_58' title='bbox 1168 1256 1244 1320; x_wconf 88' lang='lat' dir='ltr'>aliis</span> <span class='ocrx_word' id='word_1_59' title='bbox 1271 1257 1376 1342; x_wconf 83' lang='lat' dir='ltr'>iungi,</span> <span class='ocrx_word' id='word_1_60' title='bbox 1400 1259 1480 1343; x_wconf 88' lang='lat' dir='ltr'>quia</span> 
     </span>
     <span class='ocr_line' id='line_1_8' title="bbox 227 1351 1478 1441; baseline 0.005 -26"><span class='ocrx_word' id='word_1_61' title='bbox 227 1351 374 1416; x_wconf 89' lang='lat' dir='ltr'>nondum</span> <span class='ocrx_word' id='word_1_62' title='bbox 389 1359 552 1417; x_wconf 88' lang='lat' dir='ltr'>suntuna</span> <span class='ocrx_word' id='word_1_63' title='bbox 570 1376 645 1418; x_wconf 89' lang='lat' dir='ltr'>caro</span> <span class='ocrx_word' id='word_1_64' title='bbox 659 1354 748 1419; x_wconf 86' lang='lat' dir='ltr'>facti.</span> <span class='ocrx_word' id='word_1_65' title='bbox 794 1353 865 1418; x_wconf 89' lang='lat' dir='ltr'>Hec</span> <span class='ocrx_word' id='word_1_66' title='bbox 879 1360 991 1419; x_wconf 86' lang='lat' dir='ltr'>tamen</span> <span class='ocrx_word' id='word_1_67' title='bbox 1006 1356 1091 1419; x_wconf 90' lang='lat' dir='ltr'>ratio</span> <span class='ocrx_word' id='word_1_68' title='bbox 1106 1377 1148 1419; x_wconf 90' lang='lat' dir='ltr'>ex</span> <span class='ocrx_word' id='word_1_69' title='bbox 1165 1355 1248 1441; x_wconf 83' lang='lat' dir='ltr'>legis</span> <span class='ocrx_word' id='word_1_70' title='bbox 1264 1356 1407 1421; x_wconf 90' lang='lat' dir='ltr'>alicuius</span> <span class='ocrx_word' id='word_1_71' title='bbox 1423 1357 1478 1421; x_wconf 88' lang='lat' dir='ltr'>uel</span> 
     </span>
     <span class='ocr_line' id='line_1_9' title="bbox 229 1450 1478 1541; baseline 0.002 -25"><span class='ocrx_word' id='word_1_72' title='bbox 229 1450 436 1516; x_wconf 77' lang='lat' dir='ltr'>auctoritatis</span> <span class='ocrx_word' id='word_1_73' title='bbox 460 1453 570 1518; x_wconf 85' lang='lat' dir='ltr'>uerbis</span> <span class='ocrx_word' id='word_1_74' title='bbox 586 1475 653 1517; x_wconf 90' lang='lat' dir='ltr'>non</span> <span class='ocrx_word' id='word_1_75' title='bbox 667 1454 825 1539; x_wconf 89' lang='lat' dir='ltr'>procedit,</span> <span class='ocrx_word' id='word_1_76' title='bbox 841 1454 900 1518; x_wconf 87' lang='lat' dir='ltr'>aed</span> <span class='ocrx_word' id='word_1_77' title='bbox 922 1455 1028 1539; x_wconf 85' lang='lat' dir='ltr'>magis</span> <span class='ocrx_word' id='word_1_78' title='bbox 1050 1476 1092 1519; x_wconf 86' lang='lat' dir='ltr'>ex</span> <span class='ocrx_word' id='word_1_79' title='bbox 1116 1457 1350 1541; x_wconf 83' lang='lat' dir='ltr'>magistrorum</span> <span class='ocrx_word' id='word_1_80' title='bbox 1372 1456 1478 1522; x_wconf 88' lang='lat' dir='ltr'>inter-</span> 
     </span>
     <span class='ocr_line' id='line_1_10' title="bbox 229 1551 1477 1642; baseline 0.005 -28"><span class='ocrx_word' id='word_1_81' title='bbox 229 1551 418 1636; x_wconf 82' lang='lat' dir='ltr'>pretacione</span> <span class='ocrx_word' id='word_1_82' title='bbox 452 1552 637 1618; x_wconf 87' lang='lat' dir='ltr'>descendit:</span> <span class='ocrx_word' id='word_1_83' title='bbox 676 1575 719 1618; x_wconf 85' lang='lat' dir='ltr'>ex</span> <span class='ocrx_word' id='word_1_84' title='bbox 755 1552 1028 1639; x_wconf 77' lang='lat' dir='ltr'>interpretatione</span> <span class='ocrx_word' id='word_1_85' title='bbox 1066 1577 1143 1619; x_wconf 89' lang='lat' dir='ltr'>uero</span> <span class='ocrx_word' id='word_1_86' title='bbox 1173 1556 1342 1640; x_wconf 85' lang='lat' dir='ltr'>Ambrosii</span> <span class='ocrx_word' id='word_1_87' title='bbox 1379 1578 1477 1642; x_wconf 87' lang='lat' dir='ltr'>super</span> 
     </span>
     <span class='ocr_line' id='line_1_11' title="bbox 229 1651 1481 1735; baseline 0.003 -20"><span class='ocrx_word' id='word_1_88' title='bbox 229 1651 405 1735; x_wconf 84' lang='lat' dir='ltr'>epistolam</span> <span class='ocrx_word' id='word_1_89' title='bbox 426 1652 469 1716; x_wconf 89' lang='lat' dir='ltr'>ad</span> <span class='ocrx_word' id='word_1_90' title='bbox 492 1652 722 1719; x_wconf 39' lang='lat' dir='ltr'>Corinthios&amp;</span> <span class='ocrx_word' id='word_1_91' title='bbox 749 1654 790 1716; x_wconf 78' lang='lat' dir='ltr'>m</span> <span class='ocrx_word' id='word_1_92' title='bbox 813 1654 842 1716; x_wconf 79' lang='lat' dir='ltr'>si</span> <span class='ocrx_word' id='word_1_93' title='bbox 865 1656 916 1717; x_wconf 77' lang='lat' dir='ltr'>uir</span> <span class='ocrx_word' id='word_1_94' title='bbox 938 1677 998 1717; x_wconf 79' lang='lat' dir='ltr'>noa</span> <span class='ocrx_word' id='word_1_95' title='bbox 1017 1655 1120 1718; x_wconf 76' lang='lat' dir='ltr'>debeat</span> <span class='ocrx_word' id='word_1_96' title='bbox 1136 1656 1287 1718; x_wconf 71' lang='lat' dir='ltr'>{dimittere</span> <span class='ocrx_word' id='word_1_97' title='bbox 1305 1678 1434 1735; x_wconf 76' lang='lat' dir='ltr'>acorem,</span> <span class='ocrx_word' id='word_1_98' title='bbox 1452 1657 1481 1719; x_wconf 76' lang='lat' dir='ltr'>ai</span> 
     </span>
     <span class='ocr_line' id='line_1_12' title="bbox 229 1753 1476 1831; baseline 0.005 -19"><span class='ocrx_word' id='word_1_99' title='bbox 229 1758 327 1815; x_wconf 77' lang='lat' dir='ltr'>laurea</span> <span class='ocrx_word' id='word_1_100' title='bbox 348 1753 506 1829; x_wconf 74' lang='lat' dir='ltr'>dimiserit,</span> <span class='ocrx_word' id='word_1_101' title='bbox 528 1755 599 1816; x_wconf 79' lang='lat' dir='ltr'>licet</span> <span class='ocrx_word' id='word_1_102' title='bbox 621 1756 649 1817; x_wconf 83' lang='lat' dir='ltr'>ei</span> <span class='ocrx_word' id='word_1_103' title='bbox 669 1755 776 1816; x_wconf 81' lang='lat' dir='ltr'>ducere</span> <span class='ocrx_word' id='word_1_104' title='bbox 796 1755 899 1831; x_wconf 80' lang='lat' dir='ltr'>alium,</span> <span class='ocrx_word' id='word_1_105' title='bbox 920 1760 949 1816; x_wconf 75' lang='lat' dir='ltr'>et</span> <span class='ocrx_word' id='word_1_106' title='bbox 971 1755 1036 1817; x_wconf 82' lang='lat' dir='ltr'>ideo</span> <span class='ocrx_word' id='word_1_107' title='bbox 1059 1755 1240 1819; x_wconf 86' lang='lat' dir='ltr'>secundum</span> <span class='ocrx_word' id='word_1_108' title='bbox 1263 1755 1476 1820; x_wconf 85' lang='lat' dir='ltr'>Ambrosium</span> 
     </span>
     <span class='ocr_line' id='line_1_13' title="bbox 228 1852 1479 1939; baseline 0.002 -26"><span class='ocrx_word' id='word_1_109' title='bbox 228 1875 287 1915; x_wconf 76' lang='lat' dir='ltr'>recu</span> <span class='ocrx_word' id='word_1_110' title='bbox 301 1852 434 1915; x_wconf 76' lang='lat' dir='ltr'>subdidit</span> <span class='ocrx_word' id='word_1_111' title='bbox 454 1854 491 1917; x_wconf 82' lang='lat' dir='ltr'>de</span> <span class='ocrx_word' id='word_1_112' title='bbox 513 1855 580 1916; x_wconf 70' lang='lat' dir='ltr'>reiro</span> <span class='ocrx_word' id='word_1_113' title='bbox 597 1855 749 1934; x_wconf 76' lang='lat' dir='ltr'>apostolus</span> <span class='ocrx_word' id='word_1_114' title='bbox 770 1854 848 1938; x_wconf 82' lang='lat' dir='ltr'>quod</span> <span class='ocrx_word' id='word_1_115' title='bbox 868 1854 906 1917; x_wconf 82' lang='lat' dir='ltr'>de</span> <span class='ocrx_word' id='word_1_116' title='bbox 928 1876 1020 1917; x_wconf 78' lang='lat' dir='ltr'>crore</span> <span class='ocrx_word' id='word_1_117' title='bbox 1035 1855 1217 1935; x_wconf 70' lang='lat' dir='ltr'>premiserat</span> <span class='ocrx_word' id='word_1_118' title='bbox 1227 1855 1248 1933; x_wconf 88' lang='lat'>³,</span> <span class='ocrx_word' id='word_1_119' title='bbox 1263 1857 1385 1930; x_wconf 74' lang='lat' dir='ltr'>scilicet,</span> <span class='ocrx_word' id='word_1_120' title='bbox 1401 1856 1479 1939; x_wconf 82' lang='lat' dir='ltr'>quod</span> 
     </span>
     <span class='ocr_line' id='line_1_14' title="bbox 229 1952 1478 2040; baseline 0.004 -28"><span class='ocrx_word' id='word_1_121' title='bbox 229 1958 284 2014; x_wconf 78' lang='lat' dir='ltr'>aut</span> <span class='ocrx_word' id='word_1_122' title='bbox 311 1952 518 2016; x_wconf 75' lang='lat' dir='ltr'>roconodietcr</span> <span class='ocrx_word' id='word_1_123' title='bbox 545 1958 600 2015; x_wconf 77' lang='lat' dir='ltr'>uret</span> <span class='ocrx_word' id='word_1_124' title='bbox 628 1953 693 2016; x_wconf 78' lang='lat' dir='ltr'>aiae</span> <span class='ocrx_word' id='word_1_125' title='bbox 721 1952 837 2034; x_wconf 64' lang='lat' dir='ltr'>nuptiis</span> <span class='ocrx_word' id='word_1_126' title='bbox 867 1960 995 2017; x_wconf 78' lang='lat' dir='ltr'>maneat.</span> <span class='ocrx_word' id='word_1_127' title='bbox 1042 1954 1093 2016; x_wconf 84' lang='lat' dir='ltr'>Ex</span> <span class='ocrx_word' id='word_1_128' title='bbox 1118 1954 1259 2020; x_wconf 89' lang='lat' dir='ltr'>concilio</span> <span class='ocrx_word' id='word_1_129' title='bbox 1285 1976 1364 2019; x_wconf 91' lang='lat' dir='ltr'>uero</span> <span class='ocrx_word' id='word_1_130' title='bbox 1388 1954 1478 2040; x_wconf 87' lang='lat' dir='ltr'>apud</span> 
     </span>
     <span class='ocr_line' id='line_1_15' title="bbox 229 2050 1480 2137; baseline 0.003 -25"><span class='ocrx_word' id='word_1_131' title='bbox 229 2050 456 2116; x_wconf 84' lang='lat' dir='ltr'>Vermeriam⁴</span> <span class='ocrx_word' id='word_1_132' title='bbox 470 2052 499 2114; x_wconf 54' lang='grc' dir='ltr'>ἐκ</span> <span class='ocrx_word' id='word_1_133' title='bbox 513 2054 564 2137; x_wconf 81' lang='lat' dir='ltr'>qui</span> <span class='ocrx_word' id='word_1_134' title='bbox 575 2076 611 2116; x_wconf 82' lang='lat' dir='ltr'>ee</span> <span class='ocrx_word' id='word_1_135' title='bbox 626 2055 799 2117; x_wconf 71' lang='lat' dir='ltr'>necessitate</span> <span class='ocrx_word' id='word_1_136' title='bbox 816 2053 847 2115; x_wconf 84' lang='lat' dir='ltr'>in</span> <span class='ocrx_word' id='word_1_137' title='bbox 862 2055 954 2115; x_wconf 69' lang='lat' dir='ltr'>ulrum</span> <span class='ocrx_word' id='word_1_138' title='bbox 969 2053 1126 2116; x_wconf 79' lang='lat' dir='ltr'>transierit</span> <span class='ocrx_word' id='word_1_139' title='bbox 1133 2054 1323 2134; x_wconf 78' lang='lat' dir='ltr'>prouinciam</span> <span class='ocrx_word' id='word_1_140' title='bbox 1343 2056 1410 2117; x_wconf 80' lang='lat' dir='ltr'>aine</span> <span class='ocrx_word' id='word_1_141' title='bbox 1429 2076 1480 2134; x_wconf 70' lang='lat' dir='ltr'>esre</span> 
     </span>
     <span class='ocr_line' id='line_1_16' title="bbox 228 2152 1479 2236; baseline 0 -21"><span class='ocrx_word' id='word_1_142' title='bbox 228 2152 407 2228; x_wconf 69' lang='lat' dir='ltr'>roua-remi,</span> <span class='ocrx_word' id='word_1_143' title='bbox 426 2153 455 2214; x_wconf 79' lang='lat' dir='ltr'>ri</span> <span class='ocrx_word' id='word_1_144' title='bbox 480 2174 555 2215; x_wconf 76' lang='lat' dir='ltr'>neor</span> <span class='ocrx_word' id='word_1_145' title='bbox 577 2154 641 2216; x_wconf 78' lang='lat' dir='ltr'>eius</span> <span class='ocrx_word' id='word_1_146' title='bbox 664 2176 730 2216; x_wconf 75' lang='lat' dir='ltr'>euru</span> <span class='ocrx_word' id='word_1_147' title='bbox 751 2153 836 2236; x_wconf 77' lang='lat' dir='ltr'>aequi</span> <span class='ocrx_word' id='word_1_148' title='bbox 856 2152 998 2230; x_wconf 80' lang='lat' dir='ltr'>uoluerit,</span> <span class='ocrx_word' id='word_1_149' title='bbox 1018 2154 1046 2214; x_wconf 77' lang='lat' dir='ltr'>si</span> <span class='ocrx_word' id='word_1_150' title='bbox 1068 2175 1099 2217; x_wconf 78' lang='lat' dir='ltr'>ae</span> <span class='ocrx_word' id='word_1_151' title='bbox 1120 2155 1270 2218; x_wconf 82' lang='lat' dir='ltr'>continere</span> <span class='ocrx_word' id='word_1_152' title='bbox 1293 2176 1351 2217; x_wconf 78' lang='lat' dir='ltr'>aon</span> <span class='ocrx_word' id='word_1_153' title='bbox 1369 2159 1479 2236; x_wconf 73' lang='lat' dir='ltr'>potest,</span> 
     </span>
     <span class='ocr_line' id='line_1_17' title="bbox 227 2251 1476 2332; baseline 0.002 -19"><span class='ocrx_word' id='word_1_154' title='bbox 227 2253 319 2315; x_wconf 83' lang='lat' dir='ltr'>ulium</span> <span class='ocrx_word' id='word_1_155' title='bbox 347 2275 412 2316; x_wconf 81' lang='lat' dir='ltr'>cum</span> <span class='ocrx_word' id='word_1_156' title='bbox 439 2252 606 2332; x_wconf 75' lang='lat' dir='ltr'>penitencia</span> <span class='ocrx_word' id='word_1_157' title='bbox 635 2254 735 2316; x_wconf 79' lang='lat' dir='ltr'>durat.</span> <span class='ocrx_word' id='word_1_158' title='bbox 796 2251 878 2331; x_wconf 82' lang='lat' dir='ltr'>Quis</span> <span class='ocrx_word' id='word_1_159' title='bbox 908 2252 1042 2317; x_wconf 84' lang='lat' dir='ltr'>dubitat</span> <span class='ocrx_word' id='word_1_160' title='bbox 1070 2259 1186 2317; x_wconf 87' lang='lat' dir='ltr'>contra</span> <span class='ocrx_word' id='word_1_161' title='bbox 1215 2253 1363 2318; x_wconf 82' lang='lat' dir='ltr'>ordinem</span> <span class='ocrx_word' id='word_1_162' title='bbox 1393 2252 1476 2316; x_wconf 88' lang='lat' dir='ltr'>iuris</span> 
     </span>
     <span class='ocr_line' id='line_1_18' title="bbox 228 2351 1477 2438; baseline 0 -21"><span class='ocrx_word' id='word_1_163' title='bbox 228 2351 441 2418; x_wconf 85' lang='lat' dir='ltr'>ecclesiastici</span> <span class='ocrx_word' id='word_1_164' title='bbox 463 2351 544 2427; x_wconf 87' lang='lat' dir='ltr'>fieri,</span> <span class='ocrx_word' id='word_1_165' title='bbox 561 2359 595 2416; x_wconf 91' lang='lat' dir='ltr'>et</span> <span class='ocrx_word' id='word_1_166' title='bbox 609 2352 714 2438; x_wconf 82' lang='lat' dir='ltr'>magis</span> <span class='ocrx_word' id='word_1_167' title='bbox 733 2351 999 2417; x_wconf 86' lang='lat' dir='ltr'>extraordinaria</span> <span class='ocrx_word' id='word_1_168' title='bbox 1017 2352 1263 2438; x_wconf 86' lang='lat' dir='ltr'>dispensatione</span> <span class='ocrx_word' id='word_1_169' title='bbox 1284 2354 1328 2417; x_wconf 89' lang='lat' dir='ltr'>ad</span> <span class='ocrx_word' id='word_1_170' title='bbox 1350 2353 1386 2417; x_wconf 89' lang='lat' dir='ltr'>id</span> <span class='ocrx_word' id='word_1_171' title='bbox 1407 2355 1477 2419; x_wconf 91' lang='lat' dir='ltr'>eui·</span> 
     </span>
     <span class='ocr_line' id='line_1_19' title="bbox 228 2451 1478 2538; baseline 0 -22"><span class='ocrx_word' id='word_1_172' title='bbox 228 2453 368 2517; x_wconf 89' lang='lat' dir='ltr'>tandum</span> <span class='ocrx_word' id='word_1_173' title='bbox 381 2452 468 2538; x_wconf 92' lang='lat' dir='ltr'>quod</span> <span class='ocrx_word' id='word_1_174' title='bbox 480 2458 531 2517; x_wconf 89' lang='lat' dir='ltr'>est</span> <span class='ocrx_word' id='word_1_175' title='bbox 542 2453 686 2517; x_wconf 85' lang='lat' dir='ltr'>deterius</span> <span class='ocrx_word' id='word_1_176' title='bbox 697 2451 854 2517; x_wconf 74' lang='lat' dir='ltr'>concedit</span> <span class='ocrx_word' id='word_1_177' title='bbox 874 2452 961 2516; x_wconf 88' lang='lat' dir='ltr'>vnde</span> <span class='ocrx_word' id='word_1_178' title='bbox 977 2452 1039 2516; x_wconf 89' lang='lat' dir='ltr'>sub</span> <span class='ocrx_word' id='word_1_179' title='bbox 1055 2451 1246 2517; x_wconf 86' lang='lat' dir='ltr'>conditione</span> <span class='ocrx_word' id='word_1_180' title='bbox 1261 2454 1478 2538; x_wconf 88' lang='lat' dir='ltr'>permittitur,</span> 
     </span>
     <span class='ocr_line' id='line_1_20' title="bbox 229 2551 1479 2636; baseline 0 -21"><span class='ocrx_word' id='word_1_181' title='bbox 229 2552 362 2626; x_wconf 87' lang='lat' dir='ltr'>scilicet,</span> <span class='ocrx_word' id='word_1_182' title='bbox 382 2554 411 2615; x_wconf 90' lang='lat' dir='ltr'>si</span> <span class='ocrx_word' id='word_1_183' title='bbox 434 2552 603 2616; x_wconf 89' lang='lat' dir='ltr'>continere</span> <span class='ocrx_word' id='word_1_184' title='bbox 626 2573 661 2616; x_wconf 90' lang='lat' dir='ltr'>se</span> <span class='ocrx_word' id='word_1_185' title='bbox 681 2572 748 2615; x_wconf 90' lang='lat' dir='ltr'>non</span> <span class='ocrx_word' id='word_1_186' title='bbox 770 2551 904 2636; x_wconf 87' lang='lat' dir='ltr'>poterit.</span> <span class='ocrx_word' id='word_1_187' title='bbox 948 2552 1029 2616; x_wconf 89' lang='lat' dir='ltr'>item</span> <span class='ocrx_word' id='word_1_188' title='bbox 1051 2552 1196 2616; x_wconf 85' lang='lat' dir='ltr'>adicitur</span> <span class='ocrx_word' id='word_1_189' title='bbox 1214 2575 1279 2615; x_wconf 75' lang='lat' dir='ltr'>eum</span> <span class='ocrx_word' id='word_1_190' title='bbox 1298 2553 1479 2633; x_wconf 76' lang='lat' dir='ltr'>penitencia,</span> 
     </span>
     <span class='ocr_line' id='line_1_21' title="bbox 228 2651 1477 2737; baseline 0.002 -23"><span class='ocrx_word' id='word_1_191' title='bbox 228 2651 307 2736; x_wconf 89' lang='lat' dir='ltr'>quia</span> <span class='ocrx_word' id='word_1_192' title='bbox 321 2652 407 2716; x_wconf 87' lang='lat' dir='ltr'>sicut</span> <span class='ocrx_word' id='word_1_193' title='bbox 422 2672 522 2737; x_wconf 87' lang='lat' dir='ltr'>supra</span> <span class='ocrx_word' id='word_1_194' title='bbox 537 2651 625 2715; x_wconf 83' lang='lat' dir='ltr'>dixit</span> <span class='ocrx_word' id='word_1_195' title='bbox 639 2651 845 2724; x_wconf 87' lang='lat' dir='ltr'>Ambrosius,</span> <span class='ocrx_word' id='word_1_196' title='bbox 860 2673 928 2715; x_wconf 90' lang='lat' dir='ltr'>non</span> <span class='ocrx_word' id='word_1_197' title='bbox 951 2651 1050 2716; x_wconf 87' lang='lat' dir='ltr'>debet</span> <span class='ocrx_word' id='word_1_198' title='bbox 1072 2653 1125 2715; x_wconf 89' lang='lat' dir='ltr'>uir</span> <span class='ocrx_word' id='word_1_199' title='bbox 1148 2673 1284 2716; x_wconf 89' lang='lat' dir='ltr'>uxorem</span> <span class='ocrx_word' id='word_1_200' title='bbox 1308 2651 1477 2717; x_wconf 78' lang='lat' dir='ltr'>dimittere</span> 
     </span>
     <span class='ocr_line' id='line_1_22' title="bbox 228 2750 1476 2838; baseline -0.001 -23"><span class='ocrx_word' id='word_1_201' title='bbox 228 2772 270 2815; x_wconf 85' lang='lat' dir='ltr'>ex</span> <span class='ocrx_word' id='word_1_202' title='bbox 286 2751 407 2815; x_wconf 89' lang='lat' dir='ltr'>ordine.</span> <span class='ocrx_word' id='word_1_203' title='bbox 452 2758 486 2815; x_wconf 89' lang='lat' dir='ltr'>et</span> <span class='ocrx_word' id='word_1_204' title='bbox 508 2750 582 2816; x_wconf 90' lang='lat' dir='ltr'>ideo</span> <span class='ocrx_word' id='word_1_205' title='bbox 605 2751 634 2814; x_wconf 84' lang='lat' dir='ltr'>si</span> <span class='ocrx_word' id='word_1_206' title='bbox 657 2772 699 2814; x_wconf 90' lang='lat' dir='ltr'>ex</span> <span class='ocrx_word' id='word_1_207' title='bbox 722 2751 975 2837; x_wconf 77' lang='lat' dir='ltr'>desponsatione</span> <span class='ocrx_word' id='word_1_208' title='bbox 998 2751 1034 2838; x_wconf 85' lang='lat' dir='ltr'>id</span> <span class='ocrx_word' id='word_1_209' title='bbox 1055 2750 1222 2827; x_wconf 77' lang='lat' dir='ltr'>facietne</span> <span class='ocrx_word' id='word_1_210' title='bbox 1248 2752 1308 2816; x_wconf 88' lang='lat' dir='ltr'>fiat</span> <span class='ocrx_word' id='word_1_211' title='bbox 1331 2751 1476 2836; x_wconf 89' lang='lat' dir='ltr'>impune.</span> 
     </span>
     <span class='ocr_line' id='line_1_23' title="bbox 229 2849 1478 2937; baseline 0.002 -24"><span class='ocrx_word' id='word_1_212' title='bbox 229 2850 323 2915; x_wconf 84' lang='lat' dir='ltr'>Tales</span> <span class='ocrx_word' id='word_1_213' title='bbox 338 2852 426 2915; x_wconf 91' lang='lat' dir='ltr'>enim</span> <span class='ocrx_word' id='word_1_214' title='bbox 442 2858 521 2914; x_wconf 87' lang='lat' dir='ltr'>sunt</span> <span class='ocrx_word' id='word_1_215' title='bbox 536 2849 683 2916; x_wconf 88' lang='lat' dir='ltr'>testiculi</span> <span class='ocrx_word' id='word_1_216' title='bbox 700 2849 894 2918; x_wconf 81' lang='lat' dir='ltr'>Leniathan.</span> <span class='ocrx_word' id='word_1_217' title='bbox 910 2857 1045 2937; x_wconf 88' lang='lat' dir='ltr'>propter</span> <span class='ocrx_word' id='word_1_218' title='bbox 1060 2873 1144 2936; x_wconf 90' lang='lat' dir='ltr'>quos</span> <span class='ocrx_word' id='word_1_219' title='bbox 1161 2850 1292 2935; x_wconf 73' lang='lat' dir='ltr'>Moyses</span> <span class='ocrx_word' id='word_1_220' title='bbox 1315 2852 1349 2916; x_wconf 93' lang='lat' dir='ltr'>in</span> <span class='ocrx_word' id='word_1_221' title='bbox 1372 2852 1478 2915; x_wconf 88' lang='lat' dir='ltr'>ueteri</span> 
     </span>
     <span class='ocr_line' id='line_1_24' title="bbox 228 2950 1476 3036; baseline 0.001 -23"><span class='ocrx_word' id='word_1_222' title='bbox 228 2950 298 3036; x_wconf 87' lang='lat' dir='ltr'>lege</span> <span class='ocrx_word' id='word_1_223' title='bbox 315 2952 520 3015; x_wconf 88' lang='lat' dir='ltr'>ordinarium</span> <span class='ocrx_word' id='word_1_224' title='bbox 543 2951 595 3015; x_wconf 89' lang='lat' dir='ltr'>ius</span> <span class='ocrx_word' id='word_1_225' title='bbox 618 2951 759 3015; x_wconf 91' lang='lat' dir='ltr'>diuorcii</span> <span class='ocrx_word' id='word_1_226' title='bbox 776 2950 862 3025; x_wconf 84' lang='lat' dir='ltr'>fecit,</span> <span class='ocrx_word' id='word_1_227' title='bbox 877 2973 916 3015; x_wconf 90' lang='lat' dir='ltr'>ea</span> <span class='ocrx_word' id='word_1_228' title='bbox 938 2950 1094 3016; x_wconf 87' lang='lat' dir='ltr'>uidelicet</span> <span class='ocrx_word' id='word_1_229' title='bbox 1116 2951 1244 3025; x_wconf 84' lang='lat' dir='ltr'>ratione</span> <span class='ocrx_word' id='word_1_230' title='bbox 1267 2971 1309 3015; x_wconf 91' lang='lat' dir='ltr'>ne</span> <span class='ocrx_word' id='word_1_231' title='bbox 1330 2951 1476 3016; x_wconf 89' lang='lat' dir='ltr'>deterius</span> 
     </span>
     <span class='ocr_line' id='line_1_25' title="bbox 228 3049 1477 3136; baseline 0.001 -24"><span class='ocrx_word' id='word_1_232' title='bbox 228 3050 443 3136; x_wconf 83' lang='lat' dir='ltr'>contingeret.</span> <span class='ocrx_word' id='word_1_233' title='bbox 490 3050 527 3114; x_wconf 87' lang='lat' dir='ltr'>Si</span> <span class='ocrx_word' id='word_1_234' title='bbox 542 3073 620 3136; x_wconf 85' lang='lat' dir='ltr'>ergo</span> <span class='ocrx_word' id='word_1_235' title='bbox 635 3049 688 3113; x_wconf 89' lang='lat' dir='ltr'>uel</span> <span class='ocrx_word' id='word_1_236' title='bbox 704 3056 839 3135; x_wconf 88' lang='lat' dir='ltr'>propter</span> <span class='ocrx_word' id='word_1_237' title='bbox 854 3050 963 3115; x_wconf 89' lang='lat' dir='ltr'>carnis</span> <span class='ocrx_word' id='word_1_238' title='bbox 979 3049 1251 3114; x_wconf 83' lang='lat' dir='ltr'>commixtionem</span> <span class='ocrx_word' id='word_1_239' title='bbox 1267 3049 1322 3114; x_wconf 91' lang='lat' dir='ltr'>uel</span> <span class='ocrx_word' id='word_1_240' title='bbox 1342 3057 1477 3135; x_wconf 87' lang='lat' dir='ltr'>propter</span> 
     </span>
     <span class='ocr_line' id='line_1_26' title="bbox 228 3149 1477 3236; baseline 0.002 -25"><span class='ocrx_word' id='word_1_241' title='bbox 228 3149 330 3212; x_wconf 89' lang='lat' dir='ltr'>aliam</span> <span class='ocrx_word' id='word_1_242' title='bbox 360 3149 568 3235; x_wconf 76' lang='lat' dir='ltr'>probabilem</span> <span class='ocrx_word' id='word_1_243' title='bbox 600 3149 763 3213; x_wconf 89' lang='lat' dir='ltr'>rationem</span> <span class='ocrx_word' id='word_1_244' title='bbox 792 3150 898 3236; x_wconf 87' lang='lat' dir='ltr'>possit</span> <span class='ocrx_word' id='word_1_245' title='bbox 926 3150 1062 3235; x_wconf 90' lang='lat' dir='ltr'>quidam</span> <span class='ocrx_word' id='word_1_246' title='bbox 1094 3171 1171 3213; x_wconf 87' lang='lat' dir='ltr'>uera</span> <span class='ocrx_word' id='word_1_247' title='bbox 1200 3149 1477 3234; x_wconf 81' lang='lat' dir='ltr'>interpretacione</span> 
     </span>
     <span class='ocr_line' id='line_1_27' title="bbox 228 3248 1479 3335; baseline 0.002 -23"><span class='ocrx_word' id='word_1_248' title='bbox 228 3248 329 3314; x_wconf 89' lang='lat' dir='ltr'>aliam</span> <span class='ocrx_word' id='word_1_249' title='bbox 369 3250 520 3315; x_wconf 90' lang='lat' dir='ltr'>inuenire</span> <span class='ocrx_word' id='word_1_250' title='bbox 559 3249 743 3335; x_wconf 73' lang='lat' dir='ltr'>regularem</span> <span class='ocrx_word' id='word_1_251' title='bbox 783 3250 1011 3332; x_wconf 82' lang='lat' dir='ltr'>exceptionem</span> <span class='ocrx_word' id='word_1_252' title='bbox 1053 3249 1216 3313; x_wconf 91' lang='lat' dir='ltr'>dominice</span> <span class='ocrx_word' id='word_1_253' title='bbox 1256 3248 1374 3334; x_wconf 83' lang='lat' dir='ltr'>regule,</span> <span class='ocrx_word' id='word_1_254' title='bbox 1411 3271 1479 3334; x_wconf 86' lang='lat' dir='ltr'>qua</span> 
     </span>
     <span class='ocr_line' id='line_1_28' title="bbox 227 3348 1478 3436; baseline 0.002 -25"><span class='ocrx_word' id='word_1_255' title='bbox 227 3348 423 3432; x_wconf 83' lang='lat' dir='ltr'>generaliter</span> <span class='ocrx_word' id='word_1_256' title='bbox 460 3352 607 3436; x_wconf 83' lang='lat' dir='ltr'>precepit</span> <span class='ocrx_word' id='word_1_257' title='bbox 644 3370 686 3413; x_wconf 89' lang='lat' dir='ltr'>ne</span> <span class='ocrx_word' id='word_1_258' title='bbox 724 3349 799 3434; x_wconf 93' lang='lat' dir='ltr'>quis</span> <span class='ocrx_word' id='word_1_259' title='bbox 836 3370 971 3435; x_wconf 75' lang='lat' dir='ltr'>uxorem</span> <span class='ocrx_word' id='word_1_260' title='bbox 1009 3349 1178 3435; x_wconf 86' lang='lat' dir='ltr'>relinquat</span> <span class='ocrx_word' id='word_1_261' title='bbox 1207 3348 1273 3413; x_wconf 88' lang='lat' dir='ltr'>nisi</span> <span class='ocrx_word' id='word_1_262' title='bbox 1304 3370 1345 3413; x_wconf 89' lang='lat' dir='ltr'>ex</span> <span class='ocrx_word' id='word_1_263' title='bbox 1376 3370 1478 3414; x_wconf 85' lang='lat' dir='ltr'>causa</span> 
     </span>
     <span class='ocr_line' id='line_1_29' title="bbox 229 3448 1476 3535; baseline 0.002 -25"><span class='ocrx_word' id='word_1_264' title='bbox 229 3448 466 3524; x_wconf 88' lang='lat' dir='ltr'>fornicationis,</span> <span class='ocrx_word' id='word_1_265' title='bbox 486 3472 551 3535; x_wconf 90' lang='lat' dir='ltr'>que</span> <span class='ocrx_word' id='word_1_266' title='bbox 573 3449 704 3514; x_wconf 89' lang='lat' dir='ltr'>inuidia</span> <span class='ocrx_word' id='word_1_267' title='bbox 725 3450 810 3513; x_wconf 88' lang='lat' dir='ltr'>erit!</span> <span class='ocrx_word' id='word_1_268' title='bbox 856 3448 906 3512; x_wconf 80' lang='lat' dir='ltr'>Ea</span> <span class='ocrx_word' id='word_1_269' title='bbox 924 3454 1060 3533; x_wconf 89' lang='lat' dir='ltr'>propter</span> <span class='ocrx_word' id='word_1_270' title='bbox 1082 3448 1210 3513; x_wconf 89' lang='lat' dir='ltr'>nullam</span> <span class='ocrx_word' id='word_1_271' title='bbox 1233 3470 1275 3512; x_wconf 87' lang='lat' dir='ltr'>ex</span> <span class='ocrx_word' id='word_1_272' title='bbox 1297 3448 1476 3533; x_wconf 90' lang='lat' dir='ltr'>propositis</span> 
     </span>
     <span class='ocr_line' id='line_1_30' title="bbox 228 3546 1477 3633; baseline 0 -23"><span class='ocrx_word' id='word_1_273' title='bbox 228 3548 428 3612; x_wconf 85' lang='lat' dir='ltr'>sentenciam</span> <span class='ocrx_word' id='word_1_274' title='bbox 444 3548 560 3633; x_wconf 84' lang='lat' dir='ltr'>eligere</span> <span class='ocrx_word' id='word_1_275' title='bbox 575 3549 665 3613; x_wconf 90' lang='lat' dir='ltr'>uolui</span> <span class='ocrx_word' id='word_1_276' title='bbox 681 3549 774 3633; x_wconf 90' lang='lat' dir='ltr'>quasi</span> <span class='ocrx_word' id='word_1_277' title='bbox 795 3548 996 3633; x_wconf 69' lang='lat' dir='ltr'>praeeipuam,</span> <span class='ocrx_word' id='word_1_278' title='bbox 1011 3546 1204 3633; x_wconf 89' lang='lat' dir='ltr'>nullamque</span> <span class='ocrx_word' id='word_1_279' title='bbox 1219 3547 1393 3623; x_wconf 85' lang='lat' dir='ltr'>declinare,</span> <span class='ocrx_word' id='word_1_280' title='bbox 1410 3547 1477 3611; x_wconf 86' lang='lat' dir='ltr'>nisi</span> 
     </span>
     <span class='ocr_line' id='line_1_31' title="bbox 229 3646 1479 3732; baseline -0.001 -22"><span class='ocrx_word' id='word_1_281' title='bbox 229 3648 315 3712; x_wconf 84' lang='lat' dir='ltr'>ratio</span> <span class='ocrx_word' id='word_1_282' title='bbox 338 3647 453 3732; x_wconf 88' lang='lat' dir='ltr'>aliqua</span> <span class='ocrx_word' id='word_1_283' title='bbox 478 3670 512 3712; x_wconf 83' lang='lat' dir='ltr'>se</span> <span class='ocrx_word' id='word_1_284' title='bbox 537 3648 620 3711; x_wconf 91' lang='lat' dir='ltr'>mibi</span> <span class='ocrx_word' id='word_1_285' title='bbox 644 3647 783 3711; x_wconf 87' lang='lat' dir='ltr'>offerens</span> <span class='ocrx_word' id='word_1_286' title='bbox 808 3648 843 3710; x_wconf 90' lang='lat' dir='ltr'>in</span> <span class='ocrx_word' id='word_1_287' title='bbox 869 3647 970 3711; x_wconf 90' lang='lat' dir='ltr'>aliam</span> <span class='ocrx_word' id='word_1_288' title='bbox 997 3669 1050 3711; x_wconf 91' lang='lat' dir='ltr'>me</span> <span class='ocrx_word' id='word_1_289' title='bbox 1073 3646 1222 3712; x_wconf 85' lang='lat' dir='ltr'>extrahit</span> <span class='ocrx_word' id='word_1_290' title='bbox 1247 3653 1384 3732; x_wconf 86' lang='lat' dir='ltr'>partem,</span> <span class='ocrx_word' id='word_1_291' title='bbox 1407 3647 1479 3710; x_wconf 90' lang='lat' dir='ltr'>sine</span> 
     </span>
     <span class='ocr_line' id='line_1_32' title="bbox 228 3745 1480 3833; baseline -0.002 -23"><span class='ocrx_word' id='word_1_292' title='bbox 228 3747 410 3831; x_wconf 84' lang='lat' dir='ltr'>preludicio</span> <span class='ocrx_word' id='word_1_293' title='bbox 443 3754 554 3811; x_wconf 86' lang='lat' dir='ltr'>temen</span> <span class='ocrx_word' id='word_1_294' title='bbox 589 3747 735 3810; x_wconf 88' lang='lat' dir='ltr'>melioris</span> <span class='ocrx_word' id='word_1_295' title='bbox 768 3747 945 3824; x_wconf 86' lang='lat' dir='ltr'>sentencie,</span> <span class='ocrx_word' id='word_1_296' title='bbox 976 3769 1075 3832; x_wconf 89' lang='lat' dir='ltr'>quam</span> <span class='ocrx_word' id='word_1_297' title='bbox 1105 3747 1190 3812; x_wconf 86' lang='lat' dir='ltr'>forte</span> <span class='ocrx_word' id='word_1_298' title='bbox 1220 3746 1347 3833; x_wconf 87' lang='lat' dir='ltr'>peritus</span> <span class='ocrx_word' id='word_1_299' title='bbox 1376 3745 1480 3811; x_wconf 88' lang='lat' dir='ltr'>lector</span> 
     </span>
     <span class='ocr_line' id='line_1_33' title="bbox 229 3846 531 3931; baseline 0 -20"><span class='ocrx_word' id='word_1_300' title='bbox 229 3847 353 3931; x_wconf 88' lang='lat' dir='ltr'>poterit</span> <span class='ocrx_word' id='word_1_301' title='bbox 374 3846 531 3911; x_wconf 82' lang='lat' dir='ltr'>inuenire.</span> 
     </span>
    </p>
   </div>
   <div class='ocr_carea' id='block_1_3' title="bbox 262 4020 1446 4153">
    <p class='ocr_par' dir='ltr' id='par_1_3' title="bbox 262 4010 1446 4153">
     <span class='ocr_line' id='line_1_34' title="bbox 262 4020 1446 4086; baseline -0.002 -14"><span class='ocrx_word' id='word_1_302' title='bbox 262 4023 270 4051; x_wconf 88' lang='lat'>¹</span> <span class='ocrx_word' id='word_1_303' title='bbox 288 4040 311 4073; x_wconf 87' lang='lat' dir='ltr'>c.</span> <span class='ocrx_word' id='word_1_304' title='bbox 323 4040 346 4084; x_wconf 86' lang='lat'>4,</span> <span class='ocrx_word' id='word_1_305' title='bbox 360 4024 388 4073; x_wconf 82' lang='lat' dir='ltr'>C.</span> <span class='ocrx_word' id='word_1_306' title='bbox 403 4039 442 4086; x_wconf 81' lang='lat'>33.</span> <span class='ocrx_word' id='word_1_307' title='bbox 456 4039 481 4085; x_wconf 88' lang='lat' dir='ltr'>q.</span> <span class='ocrx_word' id='word_1_308' title='bbox 497 4037 516 4073; x_wconf 90' lang='lat'>1.</span> <span class='ocrx_word' id='word_1_309' title='bbox 726 4021 736 4049; x_wconf 82' lang='lat'>²</span> <span class='ocrx_word' id='word_1_310' title='bbox 753 4037 775 4070; x_wconf 91' lang='lat' dir='ltr'>c.</span> <span class='ocrx_word' id='word_1_311' title='bbox 791 4033 827 4084; x_wconf 83' lang='lat'>17,</span> <span class='ocrx_word' id='word_1_312' title='bbox 842 4023 869 4071; x_wconf 81' lang='lat' dir='ltr'>G.</span> <span class='ocrx_word' id='word_1_313' title='bbox 884 4036 922 4085; x_wconf 79' lang='lat'>32.</span> <span class='ocrx_word' id='word_1_314' title='bbox 937 4038 962 4084; x_wconf 87' lang='lat' dir='ltr'>q.</span> <span class='ocrx_word' id='word_1_315' title='bbox 978 4033 1000 4085; x_wconf 87' lang='lat'>7.</span> <span class='ocrx_word' id='word_1_316' title='bbox 1207 4022 1217 4051; x_wconf 81' lang='lat'>²</span> <span class='ocrx_word' id='word_1_317' title='bbox 1230 4026 1376 4082; x_wconf 75' lang='lat' dir='ltr'>promiserat,</span> <span class='ocrx_word' id='word_1_318' title='bbox 1391 4020 1446 4070; x_wconf 79' lang='lat' dir='ltr'>MS.</span> 
     </span>
     <span class='ocr_line' id='line_1_35' title="bbox 262 4087 1390 4153; baseline -0.002 -15"><span class='ocrx_word' id='word_1_319' title='bbox 262 4090 271 4118; x_wconf 78' lang='lat'><strong>⁴</strong></span> <span class='ocrx_word' id='word_1_320' title='bbox 288 4106 311 4140; x_wconf 89' lang='lat' dir='ltr'>c.</span> <span class='ocrx_word' id='word_1_321' title='bbox 323 4106 346 4153; x_wconf 86' lang='lat'>9,</span> <span class='ocrx_word' id='word_1_322' title='bbox 361 4090 462 4139; x_wconf 80' lang='lat' dir='ltr'>Deerat.</span> <span class='ocrx_word' id='word_1_323' title='bbox 477 4090 597 4137; x_wconf 83' lang='lat' dir='ltr'>vermer.</span> <span class='ocrx_word' id='word_1_324' title='bbox 610 4104 632 4137; x_wconf 84' lang='lat' dir='ltr'>a.</span> <span class='ocrx_word' id='word_1_325' title='bbox 646 4098 693 4150; x_wconf 79' lang='lat'>753</span> <span class='ocrx_word' id='word_1_326' title='bbox 706 4088 789 4152; x_wconf 83' lang='lat' dir='ltr'>(Mon.</span> <span class='ocrx_word' id='word_1_327' title='bbox 803 4089 903 4150; x_wconf 77' lang='lat' dir='ltr'>Germ,</span> <span class='ocrx_word' id='word_1_328' title='bbox 918 4089 1092 4151; x_wconf 83' lang='lat' dir='ltr'>Capitulerie,</span> <span class='ocrx_word' id='word_1_329' title='bbox 1106 4087 1147 4136; x_wconf 88' lang='lat' dir='ltr'>ed.</span> <span class='ocrx_word' id='word_1_330' title='bbox 1160 4087 1292 4149; x_wconf 85' lang='lat' dir='ltr'>Boratius,</span> <span class='ocrx_word' id='word_1_331' title='bbox 1306 4089 1323 4135; x_wconf 90' lang='lat' dir='ltr'>i.</span> <span class='ocrx_word' id='word_1_332' title='bbox 1336 4094 1390 4152; x_wconf 82' lang='lat'>41).</span> 
     </span>
    </p>
   </div>
   <div class='ocr_carea' id='block_1_4' title="bbox 0 0 1780 5875">
    <p class='ocr_par' dir='ltr' id='par_1_4' title="bbox 0 0 1780 5875">
     <span class='ocr_line' id='line_1_36' title="bbox 0 0 1780 5875; baseline 0 0"><span class='ocrx_word' id='word_1_333' title='bbox 0 0 1780 5875; x_wconf 95' lang='lat' dir='ltr'> </span> 
     </span>
    </p>
   </div>
  </div>
 </body>
</html>
