3550 5875
307 526 344 584 18
487 505 670 605 Maponi
697 505 850 583 Voconii
873 505 1032 582 Summo
1057 505 1102 582 de
1128 501 1379 582 Matrimonia

307 732 420 812 potest
434 726 542 792 doceri
559 728 724 813 quomodo
744 727 780 792 in
800 726 1007 812 sponsalibus
1029 725 1157 793 iniciari
1174 727 1280 813 possit
1299 726 1558 802 matrimonium,

308 824 375 890 nisi
389 832 535 910 ponatur
549 827 672 889 iniciari
691 848 752 912 pro
772 827 916 912 quadam
937 827 1175 913 preparatione.
1220 828 1292 892 Aut
1308 826 1393 892 forte
1412 826 1559 891 dicemus

308 925 398 1010 quod
412 924 608 1011 Ieronymns
618 927 640 1002 ¹,
655 926 743 991 sicut
757 927 794 990 in
808 926 874 991 alio
892 926 991 990 huius
1010 927 1057 991 rei
1072 924 1213 991 articulo
1227 925 1394 1002 errauerit,
1409 925 1507 990 itaet
1523 924 1559 987 in

307 1024 505 1090 hocerrore
535 1026 653 1110 potuit.
699 1026 814 1092 Potest
840 1026 941 1090 etiam
972 1024 1057 1089 illud
1086 1024 1153 1091 dici
1178 1024 1268 1110 quod
1293 1025 1457 1105 aporiaalem
1485 1045 1558 1088 eam

308 1123 561 1189 conuentionem
576 1123 780 1191 intellexerit
793 1145 858 1210 que
876 1124 965 1188 11111
985 1123 1164 1190 traditione
1179 1124 1261 1209 ipsa,
1276 1123 1312 1187 11
1334 1144 1401 1208 qua
1421 1128 1559 1207 uterque

307 1224 482 1309 profitetur
496 1245 531 1288 se
552 1224 639 1289 uelle
656 1223 799 1289 alterum
819 1223 856 1287 in
877 1223 1047 1309 coniugem
1068 1223 1198 1288 habere.
1244 1220 1358 1286 eadem
1380 1242 1460 1286 uero
1478 1222 1560 1286 fides

307 1344 372 1407 que
398 1322 607 1408 promittitur
632 1324 668 1387 in
694 1321 905 1410 sponsalibus
934 1323 975 1387 de
1004 1322 1119 1387 futura
1144 1321 1324 1386 traditione
1355 1320 1560 1405 exprimetur

307 1428 423 1507 postea
436 1422 474 1485 in
488 1421 562 1508 ipsa
576 1422 766 1489 traditione.
811 1443 887 1507 ergo
903 1421 1017 1487 eadem
1038 1421 1163 1487 dicitur
1182 1427 1216 1485 et
1235 1418 1398 1505 pactionis
1417 1417 1499 1482 fides
1519 1418 1560 1482 de

307 1520 421 1586 futuro
436 1521 591 1608 coningio
606 1528 641 1587 et
656 1522 737 1586 fides
752 1541 930 1586 consensus
946 1520 987 1584 de
1003 1519 1156 1605 presenti.
1202 1529 1236 1584 et
1251 1518 1311 1583 hec
1328 1525 1379 1582 est
1397 1517 1455 1581 illa
1469 1517 1559 1591 fides,

307 1618 366 1684 1111
395 1620 526 1686 affectio
555 1642 620 1705 que
648 1620 730 1686 facit
758 1627 791 1685 et
816 1620 939 1685 format
969 1619 1171 1704 coniugium,
1199 1638 1241 1682 ex
1271 1639 1339 1703 qua
1376 1615 1558 1683 secundum

307 1718 488 1784 Ysidorum
522 1723 556 1785 et
584 1720 814 1804 Augustinum
850 1718 1007 1804 onningen
1043 1715 1263 1804 appellantur.
1308 1715 1410 1779 verim
1448 1716 1560 1801 inquit

306 1817 509 1883 Ysidorus²z
531 1818 673 1884 subaudi
696 1841 783 1903 quam
804 1840 841 1882 er
861 1817 1025 1881 concubitu.
1070 1815 1164 1882 cuius
1188 1821 1350 1903 respectu,
1372 1814 1452 1901 quia
1474 1814 1560 1880 solet

305 1916 410 2003 sequi,
428 1917 659 2004 Augustinus³
677 1924 778 1984 uocat
801 1938 872 1982 eam
889 1918 1029 1998 primam.
1074 1915 1162 1980 unde
1186 1916 1354 2001 sequitur:
1378 1937 1467 2000 quam
1489 1937 1558 1977 1111-

305 2017 406 2080 111111
424 2040 482 2079 nou
496 2024 659 2097 optauerat
674 2039 725 2080 111
729 2020 841 2097 flerat
855 2018 1036 2096 1191111111
1073 2035 1143 2079 111
1158 2037 1235 2101 ergo
1250 2022 1399 2100 respectu
1416 2012 1559 2079 secunde

304 2114 385 2180 fidei
401 2115 524 2180 dicitur
546 2115 662 2201 prima,
676 2115 734 2181 sed
756 2121 904 2201 respectu
928 2114 1134 2191 concubitus,
1150 2114 1230 2200 quia
1251 2136 1325 2179 eam
1347 2113 1432 2179 solet
1453 2113 1557 2198 sequi.

306 2213 380 2280 Hec
402 2214 514 2301 itaque
539 2214 705 2280 sufficiant
733 2222 810 2279 acta
839 2235 915 2280 cum
945 2212 1015 2279 illis
1045 2212 1104 2300 qui
1134 2212 1294 2297 putant
1285 2234 1321 2277 11
1350 2211 1560 2300 sponsalibus

310 2312 487 2378 iniciatam
502 2335 572 2378 csse
586 2313 785 2398 coniugium.

355 2408 389 2500 [t
407 2408 473 2500 11.]
510 2411 672 2498 Deinceps
698 2434 773 2477 curn
800 2411 867 2477 illis
893 2411 1103 2498 negociemus
1129 2411 1188 2497 qui
1212 2431 1271 2497 per
1296 2431 1492 2476 consensum
1518 2408 1560 2474 de

307 2510 453 2598 presenti
475 2510 666 2597 coniugium
688 2512 810 2577 rectius
832 2510 961 2576 initiari
983 2511 1109 2576 dicunt.
1155 2510 1278 2576 Putant
1295 2516 1407 2575 autem
1422 2509 1560 2595 quidam

308 2608 397 2697 quod
411 2631 592 2675 consensus
607 2608 665 2675 ille
679 2610 721 2674 de
736 2610 880 2694 presenti
895 2609 941 2675 sit
955 2608 1146 2675 coniunctio
1160 2608 1347 2674 animorum
1363 2606 1422 2674 illa
1437 2610 1478 2674 de
1493 2631 1561 2695 qua

306 2731 409 2795 supra
435 2709 485 2775 ita
512 2709 647 2795 scripsit
670 2708 908 2775 Ambrosius4:
941 2707 980 2772 Iu
1001 2709 1080 2772 omui
1100 2708 1286 2771 matrimonio
1308 2708 1560 2785 coniurauimus.

308 2808 499 2874 Secundum
523 2808 604 2874 istos
625 2808 747 2873 sufficit
769 2828 966 2874 consensum
989 2806 1172 2892 exprimere
1194 2826 1253 2892 per
1275 2806 1377 2873 uerba
1397 2806 1560 2893 presentis

310 2907 480 2994 temporis,
495 2907 557 2975 hoo
572 2907 690 2974 modo:
714 2908 816 2972 Habeo
833 2913 862 2970 11
876 2913 907 2972 et
921 2906 1033 2988 scapio
1048 2907 1081 2970 ia
1096 2905 1245 2988 eoniupem
1261 2911 1289 2971 11
1304 2907 1408 2971 babere
1419 2913 1560 2991 perpetuo

308 3007 384 3074 uolo.
429 3024 495 3093 qua
515 3006 643 3074 ratione
664 3007 766 3072 etiam
788 3006 879 3072 inter
898 3006 1052 3072 absentes
1075 3029 1135 3092 per
1156 3005 1312 3071 nuntium
1335 3007 1390 3071 uel
1411 3028 1470 3094 per
1491 3009 1560 3093 epi·

307 3106 432 3173 stolam
455 3113 564 3192 potest
585 3105 736 3173 contrahi
758 3105 1020 3171 matrimonium.
1066 3102 1470 3194 [111.](111111111111
1491 3113 1559 3172 tam

307 3205 454 3271 naturali
484 3205 551 3270 iuri
575 3227 674 3291 quam
698 3204 793 3270 ciuili
816 3203 951 3270 uidetur
971 3206 1147 3283 contraria,
1170 3210 1210 3270 ut
1234 3206 1306 3270 sola
1331 3204 1505 3271 uoluntate
1526 3211 1561 3271 11

308 3304 412 3370 animi
436 3302 661 3370 destinatione
684 3303 809 3390 absque
834 3302 926 3368 omni
952 3303 1133 3369 traditione
1160 3304 1264 3389 possit
1291 3303 1361 3367 fieri
1391 3312 1461 3384 tua,
1484 3327 1560 3370 cum

309 3404 473 3489 promissa
495 3403 583 3482 dote,
601 3401 659 3467 illa
681 3424 746 3487 que
767 3402 887 3469 absens
910 3408 969 3468 est.
1014 3422 1089 3467 cum
1112 3402 1298 3467 dominium
1321 3402 1375 3473 uel
1398 3404 1560 3491 possessio

308 3524 376 3567 non
407 3503 512 3586 possit
541 3500 612 3567 solo
642 3501 754 3566 animo
783 3502 915 3586 adquiri
945 3502 1071 3587 absque
1100 3501 1261 3588 corporali
1290 3501 1560 3588 apprehensione,

308 3600 425 3667 saltem
442 3599 546 3666 oculis
561 3605 595 3665 et
614 3601 744 3665 affectu.
789 3600 886 3679 Quod
909 3606 1023 3664 autem
1046 3601 1223 3687 corporalis
1245 3601 1347 3667 etiam
1369 3602 1560 3667 traditionis

309 3705 343 3765 et
358 3701 453 3785 quasi
475 3699 692 3786 possessionis
714 3699 759 3763 sit
781 3698 970 3764 coniunctio
992 3699 1197 3764 matrimonii
1219 3701 1379 3786 probatur
1400 3701 1435 3764 in
1460 3701 1561 3767 uerbo

309 3800 445 3876 decreti,
459 3799 497 3863 in
511 3820 578 3884 quo
595 3798 707 3884 agitur
721 3796 763 3864 de
778 3797 843 3863 fide
859 3798 1023 3883 pactionis
1038 3805 1071 3863 et
1086 3820 1263 3865 consensus
1275 3800 1297 3877 ⁶,
1313 3800 1436 3910 quibus
1451 3800 1561 3865 uerbis

309 3899 472 3964 diffinitur
489 3907 570 3964 tunc
584 3919 654 3962 esse
669 3897 749 3962 fides
765 3919 942 3963 consensus
957 3899 1562 3982 1111111111111111111111111111111

308 4006 338 4063 11
372 4020 449 4061 uuus
480 3997 538 4060 alii
568 3997 775 4059 emraereciendo
805 4004 909 4060 mutuo
935 4020 967 4062 se
992 3997 1191 4079 11111ρὲ1111,
1246 3998 1333 4084 Ergo
1362 4020 1405 4078 re,
1430 3999 1465 4062 id
1498 4007 1560 4075 est,

309 4104 427 4163 mutua
456 4096 663 4182 susceptione
695 4087 904 4161 contrabitur
931 4098 1132 4183 coniugium.
1187 4094 1231 4163 Et
1260 4104 1373 4163 tamen
1399 4120 1559 4163 consensu

309 4199 435 4263 dicitur
449 4198 531 4273 fieri,
546 4205 585 4261 111
600 4195 726 4262 dictum
742 4202 804 4275 est,
818 4195 898 4281 quia
913 4218 1073 4262 consensu
1090 4198 1259 4262 formatur.
1303 4219 1382 4262 nam
1406 4198 1506 4263 maris
1527 4206 1562 4263 et

311 4297 433 4362 femine
453 4297 643 4362 coniunctio
659 4317 702 4360 ex
719 4318 754 4360 se
777 4297 941 4361 naturalis
959 4302 1010 4362 est
1030 4303 1064 4361 et
1081 4296 1265 4361 communis
1288 4298 1436 4362 omnium
1459 4297 1561 4363 etiam

310 4396 507 4462 animalium
523 4404 557 4461 et
572 4396 733 4461 informis.
779 4416 820 4459 ex
836 4396 900 4460 fide
916 4417 993 4460 uero
1008 4416 1186 4461 consensus
1202 4395 1372 4473 formatur,
1382 4397 1562 4483 aliquando

311 4497 347 4560 in
363 4496 620 4574 matrimonium,
636 4493 814 4581 aliquando
829 4495 865 4557 in
881 4494 1147 4559 concubinatum.
1192 4516 1270 4559 nam
1289 4496 1389 4560 etiam
1406 4497 1561 4561 concubi·

312 4604 411 4662 natus
426 4616 544 4660 nomen
561 4593 741 4661 1111111117.
788 4590 822 4682 [b
842 4595 906 4679 13.]
950 4593 1035 4658 Item
1054 4594 1142 4679 quod
1161 4602 1241 4659 tunc
1256 4598 1316 4659 fiat
1332 4617 1414 4661 uxor
1429 4597 1562 4683 quando

345 4818 621 4884 ’11111111
755 4820 917 4883 ¹e.s,e.q.
1057 4821 1215 4883 ’caeo
1355 4821 1527 4887 ‘escae

345 4885 356 4915 ⁸
372 4902 393 4935 1
409 4899 448 4949 51,
460 4902 483 4934 1.
491 4901 516 4946 q.
531 4886 617 4939 Palea.
651 4886 822 4948 Augustinus
833 4888 866 4936 de
878 4888 931 4936 tide
942 4888 1076 4949 pactionis
1087 4890 1113 4935 ct
1125 4902 1277 4936 consensus.

345 4950 356 4978 ⁶
371 4957 482 5000 1111111111
493 4957 573 4999 mutuo
583 4968 606 5000 se
617 4957 741 5001 concedunt
751 4968 814 4999 unus
825 4958 876 5014 alii,
890 4958 911 5000 et
920 4958 1002 5001 mutue
1012 4969 1035 5000 se
1046 4957 1182 5011 mscipr'unt.
1197 4953 1302 5001 Friedb.

347 5015 356 5044 ²
374 5018 433 5081 Dig.
450 5031 487 5082 ²5·
503 5028 526 5080 7.
540 5032 554 5082 3
568 5021 581 5077 t
596 5030 625 5068 r:
645 5019 863 5068 ‘concubinatus
874 5033 922 5082 per
933 5019 1004 5081 leges
1015 5032 1114 5068 nomen
1126 5020 1287 5082 assumpsit!
