3550 5875
314 561 353 621 22
500 543 680 643 Mapistri
704 541 859 618 lucerii
884 542 1040 618 Summo
1067 543 1111 617 de
1137 542 1386 617 Meuriuoaio.

312 765 511 832 decurruntt
557 763 622 831 Sed
649 765 709 831 hee
734 766 775 830 de
801 764 1042 831 constitutione
1065 785 1151 852 pape
1176 762 1355 829 Evearistii
1377 764 1468 830 dicta
1494 764 1565 829 suf·

312 864 436 929 ficiant.

358 962 391 1053 [d
410 959 474 1051 17.]
498 962 598 1028 Nunc
628 962 672 1027 ad
707 964 912 1049 propositam
946 964 1120 1028 materiam
1157 969 1371 1028 reuertamur.
1426 959 1477 1025 Ex
1509 961 1565 1026 his

312 1061 426 1148 itaque
447 1071 609 1148 quaeunt
630 1063 719 1128 dicta
739 1064 850 1128 uerius
871 1063 1004 1126 uidetur
1021 1063 1110 1148 quod
1133 1068 1251 1127 mutua
1271 1062 1365 1147 quasi
1384 1061 1565 1126 traditione

313 1184 349 1227 re
371 1163 445 1248 ipsa
466 1162 657 1247 coniugium
685 1163 865 1247 copuletur.
910 1162 1124 1247 Inquiramus
1149 1167 1261 1226 autem
1287 1183 1330 1225 an
1356 1166 1438 1226 tunc
1464 1161 1565 1226 etiam

314 1262 511 1348 perficiatur.
557 1261 697 1326 Etcum
720 1261 969 1326 matrimonium
992 1262 1044 1325 ius
1066 1267 1197 1325 tanturn
1220 1262 1275 1338 eit,
1298 1261 1402 1325 nichil
1424 1262 1454 1325 ei
1477 1260 1565 1325 adici

315 1362 449 1426 uidetur
471 1383 531 1447 per
552 1361 777 1441 concubitum,
792 1362 849 1447 qui
872 1368 1006 1426 tantum
1030 1361 1109 1425 sacti
1131 1368 1237 1426 estet
1259 1382 1327 1425 non
1348 1361 1442 1425 iuris.
1486 1381 1563 1423 nam

313 1460 410 1547 post1
428 1468 614 1546 susceptam
627 1482 762 1525 uxorem
777 1461 831 1525 uir
842 1461 914 1526 eius
930 1460 971 1525 de
983 1462 1054 1524 iure
1069 1460 1203 1546 planam
1218 1459 1316 1525 officii
1330 1460 1382 1523 sui
1396 1480 1465 1524 non
1479 1458 1565 1523 male

315 1561 440 1626 dicitur
469 1560 590 1626 habere
620 1565 829 1645 potestatem.
883 1581 943 1625 cur
976 1582 1054 1645 ergo
1084 1560 1212 1626 dicetur
1242 1581 1311 1624 esse
1345 1558 1564 1644 inperfectum

314 1667 478 1745 quantum
504 1659 547 1724 ad
573 1659 716 1725 officium
743 1661 832 1746 quod
858 1658 1067 1745 perfectum²
1092 1659 1194 1723 habet
1219 1658 1329 1722 etiam'
1344 1665 1423 1723 ante
1445 1678 1564 1722 eoncu-

316 1759 446 1824 bituml
492 1757 525 1846 [p
546 1755 609 1847 nr]
635 1758 698 1823 His
721 1766 832 1824 tamen
851 1758 1068 1844 expressum³
1090 1758 1259 1823 aduersari
1282 1757 1441 1821 uidentur
1462 1756 1566 1821 uerba

314 1858 483 1924 Ambrosii
515 1859 681 1944 predicta:
715 1858 753 1921 In
784 1857 863 1922 omni
892 1858 1080 1921 matrimonio
1101 1857 1268 1921 coniunctio
1294 1856 1363 1921 eta*
1416 1855 1482 1922 Sed
1518 1861 1566 1920 at·

314 1958 520 2024 tendendum
532 1964 589 2036 eet,
600 1958 680 2043 quia
691 1958 823 2023 dixerat
833 1957 1032 2022 Ambrosius
1041 1956 1131 2042 quod
1141 1979 1200 2020 non
1211 1956 1366 2042 defloratio
1377 1956 1566 2044 cirpinilupir

304 2059 391 2142 sirit
416 2060 637 2121 matrimonium
662 2059 715 2120 aul
732 2058 834 2139 pactio
856 2056 1061 2136 coniuqalir⁶,
1074 2063 1108 2120 et
1132 2055 1233 2120 adid
1256 2055 1406 2141 apercius
1429 2056 1563 2119 demon-

315 2156 486 2222 strandum
507 2156 672 2222 adiecerat
697 2156 787 2243 quod
809 2178 850 2221 ex
874 2178 914 2222 eo
940 2155 1131 2240 coniugium
1159 2155 1234 2220 est⁶
1256 2153 1365 2241 qnod⁷
1391 2154 1464 2220 niro
1488 2175 1565 2219 con·

315 2257 466 2341 iungitur
487 2277 555 2321 non
570 2257 658 2342 quod
682 2257 756 2322 niro
779 2247 944 2321 miscetur.
990 2276 1098 2320 errare
1120 2260 1231 2339 posset
1245 2252 1368 2340 aliquis
1382 2261 1417 2318 et
1439 2275 1480 2319 ex
1503 2253 1565 2318 hoc

315 2364 434 2441 putare
454 2356 543 2442 quod
558 2354 652 2420 nulla
674 2356 803 2420 ratione
822 2354 954 2421 carnale
975 2354 1206 2419 commercium
1224 2354 1377 2440 exigetur
1391 2352 1434 2417 ad
1449 2352 1564 2417 huius·

316 2456 406 2522 modi
421 2463 625 2520 contractum
642 2455 889 2541 perficiendum,
906 2454 982 2519 ideo
997 2454 1092 2518 docet
1106 2452 1271 2519 carnalem
1294 2453 1564 2518 commixtionem

316 2555 360 2620 ad
382 2554 629 2620 matrimonium
655 2553 893 2639 perficiendum
919 2555 1094 2639 pertinere.
1138 2574 1216 2616 nam
1242 2557 1406 2638 potestate
1430 2551 1565 2637 quidem

315 2661 436 2721 nature
471 2654 514 2719 ad
543 2654 748 2719 efficiendum
776 2654 933 2741 exigitur.
977 2659 1054 2719 actu
1087 2673 1166 2717 uero
1198 2651 1242 2716 ad
1270 2652 1565 2717 demonstrandum

316 2752 566 2820 matrimonium
595 2753 778 2840 perfectum
807 2753 1019 2818 desideratur.
1065 2751 1102 2816 Si
1131 2758 1244 2817 autem
1273 2759 1431 2837 queratur
1464 2772 1565 2834 quare

316 2853 538 2941 permixtione
563 2852 690 2919 carnali
711 2852 825 2940 perfici
851 2853 1041 2941 coniugium
1067 2851 1166 2928 dicat,
1187 2872 1263 2917 cum
1289 2872 1347 2936 per
1369 2872 1565 2916 consensum

316 2955 511 3041 perficiatur
530 2960 564 3018 et
582 2953 751 3031 formetur,
770 2974 849 3017 nam
872 2953 979 3018 forma
998 2952 1046 3018 rei
1067 2951 1224 3038 perfectio
1246 2951 1494 3030 est,seiendum
1516 2958 1567 3015 est

316 3055 405 3141 quod
431 3053 692 3131 matrimonium,
714 3053 868 3139 quamuis
898 3059 994 3117 extra
1022 3052 1203 3138 perlectum
1229 3071 1289 3136 per
1314 3050 1398 3115 iuris
1424 3051 1565 3115 sormam

316 3158 486 3240 appareat,
516 3159 629 3217 tamen
668 3174 743 3217 cum
772 3173 833 3238 per
861 3157 980 3217 nature
1009 3156 1207 3237 potestatem
1243 3149 1347 3215 latere
1376 3150 1493 3234 possit,
1523 3148 1566 3213 ad

315 3252 608 3319 demonstrandam
631 3260 749 3317 nature
763 3251 998 3337 perfectionem
1013 3258 1109 3316 actus
1130 3249 1361 3335 permixtionis
1376 3258 1427 3315 est
1441 3250 1566 3315 efficax.

318 3362 353 3419 et
377 3352 451 3417 ideo
476 3352 631 3437 perficere
661 3352 794 3416 dicitur¹
809 3351 887 3437 quia
916 3350 1100 3437 perfectum
1134 3371 1204 3414 esse
1232 3349 1449 3414 demonstrat.
1494 3349 1566 3415 Hec

317 3459 428 3518 autem
440 3451 608 3517 sententie
620 3450 782 3536 generalis
791 3458 843 3517 est
858 3452 947 3516 sicut
957 3458 991 3515 et
1006 3452 1080 3536 ipsa
1095 3448 1197 3515 uerba
1208 3447 1247 3510 Ia
1258 3450 1339 3511 omui
1350 3450 1536 3512 matrimonio
1544 3451 1567 3513 ⁸.

317 3552 395 3617 Alia
417 3566 495 3616 uero
519 3550 684 3636 expositio
707 3550 839 3615 uerbis⁰
867 3551 937 3615 uim
963 3549 1054 3628 facit,
1076 3550 1152 3613 ea¹⁰
1175 3548 1405 3635 restringendo
1427 3549 1469 3614 ad
1491 3548 1567 3613 illas

317 3671 473 3737 personas
491 3671 574 3736 quas
589 3655 712 3715 uocant
727 3649 902 3736 legitimas.
946 3649 1054 3713 Immo
1069 3655 1104 3712 et
1119 3654 1157 3714 ut
1172 3648 1220 3712 ibi
1234 3649 1368 3713 deficiat
1382 3648 1567 3714 necessario

318 3750 493 3836 contingit.
539 3749 635 3814 uerbi
660 3748 770 3835 gratia
795 3770 959 3834 ponamus
983 3747 1129 3833 aliquem
1153 3746 1325 3832 reliquisse
1347 3747 1568 3813 concubinam

318 3872 413 3915 suam
439 3871 481 3914 ex
503 3870 570 3935 quo
593 3849 751 3935 cognouit
776 3870 849 3914 eam
872 3849 1015 3913 alienam
1037 3869 1108 3912 esse
1130 3867 1277 3924 uxorem,
1292 3851 1334 3925 et,
1350 3846 1472 3911 marito
1497 3846 1568 3911 eius

318 3955 434 4037 postea
448 3949 614 4026 defuncto,
628 3947 786 4014 continuo
804 3970 877 4013 eam
893 3947 1026 4013 duxisse
1048 3967 1195 4012 uxorem.
1237 3944 1300 4011 hoc
1319 3944 1567 4010 matrimonium

316 4047 499 4114 secundum
523 4069 595 4111 earn
618 4049 819 4113 sententiam
841 4045 1028 4112 confirmari
1051 4066 1119 4110 non
1141 4050 1260 4128 potest,
1274 4045 1355 4130 quia
1378 4066 1438 4130 per
1459 4044 1568 4131 legiti-

319 4169 409 4212 mam
438 4147 706 4213 coniunctionem
736 4168 803 4212 uua
832 4169 909 4212 caro
938 4147 1009 4211 fieri
1039 4167 1106 4210 non
1135 4151 1286 4230 possunt,
1310 4144 1388 4230 quia
1412 4144 1480 4208 ianr
1509 4164 1569 4228 per

317 4247 521 4312 adulterium
545 4269 612 4311 una
634 4269 709 4312 caro
731 4245 813 4312 lacti
835 4252 924 4313 sunt.
968 4253 1003 4311 et
1022 4244 1202 4310 secundum
1223 4243 1286 4309 hoc
1305 4242 1434 4308 nullum
1453 4243 1570 4307 matri·

319 4349 468 4412 monium
495 4347 585 4412 inter
609 4346 739 4432 aliquos
764 4352 982 4421 contractum,
1003 4343 1060 4430 qui
1085 4349 1164 4408 ante
1189 4343 1441 4408 matrimonium
1470 4365 1569 4408 carne

319 4447 426 4523 mixti,
446 4446 580 4526 fuerint,
602 4448 652 4511 ita
678 4446 802 4531 poterit
826 4445 1015 4511 confirmari
1042 4450 1080 4509 ut
1106 4443 1181 4507 iura
1208 4445 1407 4508 sacramenti
1436 4443 1569 4519 habeat,

320 4547 399 4633 quia
424 4568 492 4612 una
517 4566 593 4612 caro
621 4567 828 4632 nequaquam
855 4544 1005 4631 legitima
1034 4543 1268 4611 coniunctione
1295 4546 1380 4608 liunt
1405 4543 1464 4628 qui
1490 4550 1569 4607 ante

320 4646 403 4712 facti
419 4651 507 4712 sunt.

354 4805 361 4834 ¹
380 4809 548 4872 Apparently
555 4814 633 4869 primo
644 4812 674 4859 in
687 4810 853 4874 compendio,
866 4809 922 4859 MS.
1152 4807 1163 4836 ¹
1180 4807 1302 4868 Possibly
1310 4810 1474 4869 perfatuum,
1489 4806 1544 4856 MS.

354 4874 433 4937 ³810,
448 4875 502 4926 MS.
1150 4873 1196 4922 ὀ.
1212 4873 1251 4936 36,
1266 4875 1294 4921 G.
1311 4884 1348 4934 27.
1362 4888 1387 4935 q.
1401 4889 1424 4922 r.

354 4940 364 4970 ⁸
378 4957 400 4988 c.
415 4956 437 5003 5,
451 4957 473 4989 e.
481 4957 507 5003 q.
1151 4937 1162 4965 ⁶
1178 4940 1252 4987 omit
1263 4945 1302 4999 est,
1317 4939 1371 4988 MS.

355 5004 364 5035 ¹
379 5023 450 5056 nrm.
464 5043 471 5057 .
485 5043 492 5056 .
505 5022 566 5072 mm,
580 5012 628 5058 not
639 5012 717 5068 mod.
730 5042 737 5058 .
750 5042 757 5056 .
771 5011 838 5069 quod,
853 5005 956 5056 Deerat.
1153 5004 1163 5031 ⁸
1179 5021 1201 5053 c.
1216 5004 1254 5066 36.
1269 5020 1291 5053 e.
1300 5021 1326 5066 q.

355 5072 451 5135 'uerb'‚
464 5073 518 5123 MS.
956 5101 960 5110 ·
1147 5069 1165 5099 ¹⁰
1181 5087 1226 5132 eus,
1242 5071 1294 5120 MS.
